2400 3802
66 241 102 292 11.
113 245 137 293 2,
145 241 251 308 sams,
443 230 702 288 TRJNVMMVS.
1017 239 1056 307 17

66 403 135 454 PH„
156 394 228 454 Non
249 402 350 465 aetate,
364 392 465 453 vtrum
484 395 603 471 ingenio
624 394 760 471 apiscitur
781 393 928 472 sapientia.

65 479 205 569 Agedum
227 494 371 569 eloquere,
385 492 457 568 quid
478 492 547 551 dare
567 492 607 550 illi
627 491 711 552 ntinc
724 493 787 552 vis?
817 500 884 552 Π.
907 493 957 552 Nil
977 495 1055 572 quic-

159 598 162 603 '
230 588 328 666 quam,
342 598 444 666 pater:
1161 668 1164 675 Ι

66 685 116 746 Ti
138 686 228 746 modo
249 705 288 746 ne
307 704 356 746 me
377 685 532 761 prohibeas
553 689 694 764 accipere,
710 689 804 765 siquid
825 688 873 747 det
893 689 973 747 mihi.
998 693 1057 746 370

66 790 134 844 PH.
156 770 206 841 Ᾱιι
233 802 269 842 eo
297 792 458 858 egestatem
485 786 514 842 ei
540 785 687 857 tolerabis,
712 787 808 863 siquid
833 788 871 844 ab
898 787 947 844 illo
975 785 1059 845 acce-

230 882 326 958 peris?
401 874 405 881 ’

63 985 132 1038 LY.
153 978 208 1050 Εό,
229 990 319 1057 pater.
351 987 419 1037 PH.
447 979 500 1038 Pol
527 979 584 1057 igo
619 981 703 1039 istam
732 981 799 1041 volo
833 999 881 1038 me
915 978 1057 1038 titionem

229 1075 361 1136 edoceits.
381 1083 448 1134 LY.
471 1077 558 1136 Licet
1024 1101 1057 1150 90

65 1174 137 1233 Scin
162 1183 193 1234 tu
214 1174 293 1232 illum
316 1191 376 1249 quo
401 1173 507 1248 genere
531 1186 636 1250 gnatus
659 1178 716 1235 sit?
737 1183 805 1234 PH.
828 1175 904 1245 Scio,
926 1172 1057 1249 adprime
1086 1236 1096 1263 2

228 1273 331 1349 probo.

62 1377 131 1429 LY.
153 1368 242 1428 Sbror
261 1368 328 1428 illist
349 1366 446 1428 adrilta
466 1371 547 1446 virgo
568 1370 701 1446 grindis:
723 1390 788 1430 earn
809 1370 904 1447 cupio,
922 1379 1012 1445 pater,

62 1465 179 1527 Dticere
212 1466 334 1526 uxorem
363 1467 425 1524 sine
452 1467 529 1526 dote.
584 1474 653 1527 PH.
683 1469 751 1526 Sine
780 1469 848 1527 dote
881 1465 1056 1525 uxoremne?

225 1570 293 1622 ΒΥ.
315 1563 368 1634 Ita,
997 1565 1055 1618 375

62 1662 132 1722 Tua
144 1681 176 1723 re
190 1663 283 1722 salva:
304 1660 360 1722 hoc
375 1660 462 1738 pacto
477 1663 514 1721 ab
528 1663 577 1722 illo
592 1661 736 1722 stimmam
750 1664 836 1722 inibis
849 1662 981 1739 gratiam,

62 1760 172 1837 Neque
190 1756 375 1819 commodius
396 1758 455 1817 tillo
476 1772 564 1836 pacto
585 1762 612 1818 ei
632 1760 741 1838 p6teris
764 1744 932 1819 anxiliarier.
1023 1785 1054 1834 95

61 1866 132 1918 PH.
153 1841 259 1936 Egone
278 1855 439 1916 indotatim
458 1866 487 1914 te
506 1875 627 1916 uxorem
646 1868 679 1916 ut
698 1857 810 1934 patiar?
850 1865 917 1916 Π.
938 1858 1054 1916 Patiun-

225 1952 330 2024 dtimst,
345 1965 443 2031 pater:

60 2039 102 2112 Et
122 2071 159 2112 eo
179 2063 266 2129 pacto
288 2051 432 2110 addideris
452 2061 569 2111 nostrae
590 2053 716 2128 lipidam
736 2055 844 2112 sarnam
866 2054 998 2114 familiae.

59 2158 133 2210 PH.
154 2148 248 2208 Mrilta
271 2167 328 2226 ego
353 2165 473 2224 possum
501 2150 579 2208 dicta
605 2150 692 2210 docte
720 2160 748 2209 et
776 2151 906 2227 quamvis
930 2152 1053 2211 facundi

222 2247 321 2323 loqui:
994 2254 1052 2308 380

60 2345 224 2405 Historiam
254 2355 381 2404 veterem
411 2343 499 2422 atque
530 2346 678 2424 antiquam
712 2346 784 2406 haec
818 2344 885 2405 mea
918 2357 1051 2406 senectus

224 2441 353 2503 stistinet.

58 2541 170 2601 Verum
190 2560 248 2618 ego
268 2540 387 2618 quando
408 2551 437 2599 te
457 2539 487 2600 et
507 2543 661 2602 amicitiam
682 2554 710 2602 et
730 2541 850 2620 gratiam
870 2542 900 2600 in
922 2540 1051 2601 nostnim

222 2638 344 2698 domum
1004 2664 1051 2699 100

58 2737 157 2796 Video
178 2736 310 2805 adlicere,
323 2737 376 2794 etsi
397 2736 565 2798 adversatus
585 2741 637 2797 tibi
658 2740 708 2810 fui,
722 2739 791 2797 istac
812 2735 924 2797 itidico:

57 2834 131 2893 Tibi
151 2834 295 2910 permitto,
311 2833 408 2910 posce,
424 2837 507 2895 duce.
547 2844 614 2895 ΒΥ.
636 2837 676 2893 Di
698 2848 726 2894 te
748 2837 900 2894 servassint
921 2836 1008 2893 mihi:

57 2930 117 2991 ssd
131 2930 170 2990 ad
183 2932 268 2988 istam
283 2932 358 2990 adde
377 2933 499 3008 gratiam
518 2952 618 2992 unum.
659 2940 727 2992 PH.
749 2932 830 3005 Quid
842 2933 873 2991 id
891 2943 935 2991 est
953 2944 1049 2991 autem

77 3017 80 3022 ¹
219 3030 331 3087 unum?
371 3036 438 3088 LY.
460 3015 607 3107 Eloquar:
990 3036 1047 3088 385

55 3124 136 3185 Tite
169 3124 208 3184 ad
238 3145 305 3186 eum
340 3127 436 3199 adeas,
465 3125 526 3186 trite
561 3128 705 3198 concilies,
729 3126 789 3186 trite
823 3146 937 3206 poscas.
978 3135 1046 3188 PH.

217 3206 336 3283 Eccere.
447 3280 452 3294 ,

52 3329 122 3384 ΙιΥ.
143 3320 245 3380 Nimio
270 3314 353 3382 citius
377 3321 537 3400 transiges:
573 3324 688 3383 firmum
714 3324 804 3383 omne
831 3325 887 3383 erit
910 3324 996 3401 qnod
1015 3334 1057 3380 tn

211 3419 312 3494 &geria
1031 3437 1086 3484 mn

542 3528 562 3577 C
