2354 3794
58 128 93 176 ¹5³
140 115 299 194 liusq-152.
464 119 491 175 Τ
488 119 667 174 RINVMM
668 121 722 176 VS.
1043 132 1083 200 23

136 267 275 354 inquinato
296 299 414 360 quoque
434 279 515 343 sulco
535 281 696 349 moriuntur
714 285 811 345 boves.

133 372 179 433 PH.
194 379 297 457 Apage.
340 388 395 439 su.
416 366 590 441 Acheruntis
603 382 710 441 estium
723 383 754 440 in
767 381 895 443 nostrdst
908 403 988 461 agro.
1024 390 1082 445 525

133 465 186 531 Tun
201 478 296 536 vinum
315 479 394 555 prius
414 496 502 556 quam
522 478 668 538 edctumst
686 480 794 555 pendet
814 479 954 556 putidum.
1038 507 1081 556 125

131 569 172 628 tu.
186 569 301 652 (An'de.)
329 574 500 634 Consnddet
519 575 639 647 homini,
653 575 750 636 credo,
771 578 824 636 etsi
844 576 981 638 scelestus
1001 589 1053 650 est,

63 663 80 715 '-
129 664 198 728 ltni
216 672 340 732 lnfidelis
359 672 422 732 ndu
442 683 494 732 est
535 680 591 732 ΒΨ.
612 672 691 731 Audi
711 672 813 732 cetera.

128 757 176 825 Post
189 768 227 842 td,
240 769 377 828 frumenti
383 786 488 847 quom
508 767 576 828 tlibi
596 770 698 829 messis
718 768 891 842 maxumast,

128 853 206 925 Tribus
224 865 312 926 lintis
331 866 371 925 illi
390 867 489 925 minus
507 867 581 926 redit
600 882 689 942 quam
709 864 863 926 obseratis.
1024 873 1082 928 530

126 958 173 1019 PE
188 963 276 1037 Hem,
751 1004 786 1093 ί
801 970 883 1095 ‘illl
861 924 942 1041 id

126 1047 174 1116 lule
189 1071 303 1138 oportet
322 1061 417 1122 dbseri
437 1061 535 1144 urmes
555 1062 656 1139 malos,
709 1062 760 1105 w
764 1078 771 1087 ’
804 1076 807 1081 ·
1035 1087 1082 1136 130

127 1144 147 1207 Si
159 1155 183 1215 in
201 1158 364 1219 dbserendo
385 1160 499 1237 pdssint
518 1161 661 1221 intersieri.

58 1250 65 1299 ἕ
126 1251 279 1335 utileque
301 1255 439 1334 umquam
460 1259 650 1335 quisquamst,
664 1259 770 1336 qudius
790 1259 837 1319 ille
857 1258 926 1337 ager
945 1259 1006 1328 luit,

58 1368 60 1376 ’
126 1341 183 1416 Quin
200 1355 335 1432 pessume
355 1356 382 1412 ei
402 1373 448 1413 res
468 1354 592 1415 v6rterit
613 1356 737 1435 quorum
757 1356 818 1428 fuit,

124 1438 165 1503 ulii
180 1451 321 1511 dxulatum
341 1451 480 1524 abierunt,
498 1452 545 1511 alii
566 1454 696 1526 em6rtui,
1022 1458 1081 1512 535

124 1538 165 1602 Alii
180 1567 208 1609 se
226 1549 412 1627 suspendere
433 1568 489 1622 em,
504 1569 582 1610 nunc
601 1551 649 1610 hic
670 1551 775 1627 qudius
795 1561 839 1611 est
1035 1574 1079 1623 135

123 1630 152 1695 Vt
167 1647 199 1706 ad
217 1649 320 1707 incitas
338 1645 490 1707 redieruut
530 1655 599 1710 PE.
619 1650 724 1725 Apage
744 1669 762 1708 a
781 1667 829 1708 me
850 1649 937 1708 istum
957 1666 1076 1726 agrum.

122 1737 162 1796 ⁸1¹
180 1727 288 1822 Magis
293 1720 404 1821 apagep
407 1745 496 1817 dicas,
510 1746 535 1804 si
555 1747 654 1805 dmnia
673 1765 712 1805 ex
732 1765 781 1805 me
801 1747 952 1848 audiveris

122 1825 181 1899 Nau
198 1842 347 1920 fulguritae
367 1840 435 1902 erint
454 1843 570 1902 alternis
590 1843 723 1903 trbores:

121 1924 176 1996 Suis
193 1941 353 2000 moriuntur
372 1941 480 2018 angina
500 1942 547 2000 hic
566 1942 728 2001 acerrume:
1023 1945 1083 2001 540

58 2092 61 2125 r
120 2027 180 2098 Oves
189 2041 305 2099 scabrae
316 2049 391 2109 sunt,
400 2038 459 2099 tim
470 2041 596 2117 glabrae,
605 2060 651 2115 en,
661 2059 749 2118 quarn
757 2041 829 2100 haec
840 2039 884 2100 est
893 2058 1004 2100 manus.
1038 2065 1085 2111 140

118 2123 180 2195 Tum
199 2137 295 2198 autem
317 2138 465 2210 Surorum,
479 2138 574 2215 genus
594 2140 674 2216 quod
693 2139 971 2215 patientissumumst

75 2258 80 2263 ·
117 2223 272 2310 Hominum,
286 2254 375 2296 nemo
396 2246 474 2295 extat
494 2238 544 2314 qui
564 2237 604 2296 lbi
624 2255 676 2296 sex
697 2237 806 2296 mensis
824 2236 941 2294 vixerit:

113 2325 260 2395 lacincti
280 2334 419 2395 solstitiali
440 2337 544 2394 morbo
566 2335 710 2396 decidunt.

58 2430 82 2522 7'
109 2432 168 2491 PE
189 2431 285 2493 Credo
315 2432 373 2510 ego
400 2434 482 2505 istuc,
508 2431 640 2505 Stasime,
664 2433 704 2491 ita
732 2431 816 2491 esse:
851 2430 902 2490 sed
937 2428 1086 2507 Campans

258 2550 352 2610 genus
489 2549 494 2559 ’
1027 2533 1085 2588 545

104 2626 196 2688 Mults
216 2629 356 2689 Surorum
375 2629 434 2688 iam
455 2627 556 2690 antidit
576 2629 752 2708 patientiam.
989 2654 993 2663 ·
1038 2648 1085 2701 14⁵

102 2727 160 2789 Sed
179 2727 260 2787 istest
280 2745 351 2804 ager
370 2726 511 2804 profecto,
525 2738 557 2786 ut
577 2737 606 2786 te
627 2727 724 2787 audivi
742 2726 832 2801 loqui,

98 2824 197 2885 Malds
219 2825 249 2883 in
269 2843 358 2901 quem
378 2826 474 2884 omnis
494 2823 610 2902 publice
630 2827 705 2884 mitti
725 2825 816 2884 decet.

97 2921 181 2985 sicut
201 2922 410 2982 fortunatdrum
431 2933 593 2982 memorant
613 2923 729 2995 insulas,

95 3024 170 3098 Quo
192 3018 287 3080 cuncti
308 3022 358 3096 qui
379 3030 502 3079 aetatem
523 3020 634 3098 egerint
654 3021 733 3080 caste
753 3038 835 3081 suam
1028 3022 1087 3078 550

92 3118 301 3183 conveniant:
323 3121 455 3203 contrai
482 3118 519 3179 dc
540 3119 651 3179 detrudi
672 3119 818 3179 mileficos
1041 3140 1088 3189 150

90 3215 237 3293 Aequdm
256 3216 410 3291 videtur,q
465 3216 583 3292 quidem
603 3217 685 3276 istius
706 3218 744 3275 sit
764 3216 852 3275 modi.
918 3232 920 3237 ·

88 3320 156 3380 ετ.
179 3311 378 3388 Hospitiumst
398 3311 584 3373 calamititis:
606 3313 677 3394 quid
696 3315 790 3373 verbis
808 3311 915 3392 onusti
