2354 3794
90 195 279 306 mens-57.
466 229 725 288 TRJNVMMVS.
1047 243 1088 310 33

101 387 224 455 lienem
245 396 342 472 ipsam
362 393 489 472 indaget,
505 391 604 453 dotem
626 393 695 454 dare
716 395 740 454 si
761 393 892 455 dixerim.
1030 399 1088 456 755

95 492 165 551 -ss
188 492 257 564 Quo
279 491 367 568 picto
388 510 459 569 ergo
479 492 564 568 igitur
584 489 660 551 clim
681 490 736 552 dos
758 493 892 570 depromi
913 493 1029 570 potest?

114 591 160 647 tls
180 589 260 650 Dum
280 589 398 650 occasio
415 591 442 649 ei
462 592 508 648 rei
523 589 689 667 reperiatur,
703 592 819 651 interim

118 680 150 742 ll
165 689 260 747 amico
282 686 416 747 alicunde
436 684 571 746 mutuom
591 685 745 764 argentium
766 705 877 765 rogem.

118 784 168 844 E
182 785 267 845 Potin
288 784 333 845 est
353 786 391 844 ab
411 785 507 844 amico
528 783 662 845 alicunde
683 787 817 846 exorari?
839 794 903 846 ΘΑ.
918 786 1027 846 Potest.
1058 779 1091 856 3'0

74 873 81 903 ⁴
120 881 168 942 lm.
187 882 315 943 Gerrai:
338 900 376 942 ne
396 893 428 942 tu
447 881 518 941 illud
537 881 659 942 verbum
680 892 809 944 actutum
831 884 994 945 inveneris:
1031 886 1090 945 760

120 974 188 1040 ‘Mihi
205 980 328 1058 quidem
347 980 443 1039 hercle
465 979 526 1039 non
547 990 590 1040 est
611 980 692 1056 quod
713 981 782 1041 dem
801 980 954 1043 mutuom!

120 1079 163 1155 ili
177 1077 296 1138 ‘Malim
316 1077 413 1139 hercle
432 1088 464 1137 ut
480 1096 580 1137 verum
601 1079 683 1138 dicas
704 1097 793 1155 quam
813 1090 845 1139 ut
866 1080 918 1140 des
938 1077 1090 1160 mnituom!

120 1174 168 1234 Ill
188 1177 246 1237 Sed
267 1176 334 1236 vide
355 1176 509 1235 consilium
529 1176 557 1235 sl
576 1176 680 1252 placet
703 1183 766 1236 CA.
784 1176 865 1249 Quid
886 1176 1035 1237 consilist?

121 1272 171 1333 Ε.
179 1273 296 1346 Scitum,
306 1272 338 1333 tit
347 1291 404 1351 ego
414 1274 528 1349 opinor,
537 1272 692 1332 consilium
704 1275 810 1334 inveni.
823 1282 885 1334 ΟΔ.
899 1275 979 1348 Quid
987 1277 1046 1334 est?
1058 1298 1087 1347 35

120 1369 169 1430 E
187 1346 305 1433 Homo⁶
312 1371 492 1431 conducatur
512 1369 615 1449 aliquis
635 1371 694 1431 iam
714 1371 856 1451 quantum
876 1382 974 1450 potest
1030 1377 1087 1433 765

121 1457 199 1540 Ignota
219 1470 302 1542 facie,
320 1467 395 1546 quae
407 1487 476 1528 ⁴non
495 1468 608 1528 visitita
628 1469 673 1528 sit

120 1554 330 1628 Mendicilocum
351 1566 477 1644 aliquem
497 1586 552 1625 esse
570 1566 704 1625 himt'rzem
725 1574 828 1644 oportet
845 1570 966 1644 deifero,

120 1651 276 1738 ltsldieum,
291 1664 498 1724 confidentem.
520 1671 584 1723 ΘΑ.
599 1663 679 1738 Quid
699 1673 761 1722 tum
782 1665 904 1741 postea?

119 1757 169 1820 Π.
179 1762 208 1823 Is
221 1764 314 1822 homo
328 1761 485 1822 exornetur
499 1761 637 1838 griphice
651 1761 681 1820 in
695 1760 880 1838 peregrinim
894 1762 1023 1836 modum,
1054 1790 1087 1839 40

72 1841 76 1872 ⁵
120 1849 186 1925 Quasi
204 1861 244 1920 ad
264 1860 481 1920 adulescentem
501 1860 520 1919 it
540 1868 621 1936 patre
642 1879 679 1919 ex
701 1858 833 1921 Seleucia
1028 1868 1083 1924 771

118 1942 213 2017 leniit:
239 1959 363 2017 salutem
383 1958 410 2017 ei
427 1956 539 2017 mintiet
559 1958 653 2017 verbis
673 1958 779 2034 patris:

118 2041 178 2113 illm
191 2057 268 2116 bene
289 2074 388 2132 gerere
408 2074 471 2115 rem
491 2055 520 2115 et
540 2054 634 2114 velere
656 2065 684 2114 et
705 2057 799 2116 vivere

117 2136 216 2212 iteum
236 2153 395 2212 rediturum
415 2151 552 2213 actutum.
573 2152 646 2212 ierat
666 2153 805 2229 epistulas

117 2234 189 2311 Duas:
211 2250 262 2311 eis
282 2268 339 2310 nos
359 2250 573 2328 consignemus,
589 2252 672 2327 quasi
692 2252 749 2311 sint
770 2251 787 2310 l
808 2262 897 2329 patre.
969 2276 1001 2326 45
1026 2259 1082 2313 775

117 2332 149 2400 lll
162 2347 205 2408 det
220 2347 350 2421 alteram,
364 2347 484 2408 alteram
505 2347 581 2408 dicat
602 2350 652 2408 tibi

87 2432 92 2444 '
116 2429 170 2502 liare
188 2445 253 2506 sese
274 2445 355 2507 velle.
376 2453 440 2507 ΟΔ.
457 2445 550 2523 Perge
571 2463 659 2523 porro
681 2445 786 2506 dicere.

114 2538 165 2602 Π.
183 2545 279 2623 Seque
300 2542 401 2603 aurum
421 2545 495 2605 ierre
516 2546 619 2622 virgini
640 2547 739 2606 dotem
756 2545 774 2604 i
794 2555 875 2622 patre

72 2716 74 2727 Ι
110 2630 177 2701 Dicit
195 2652 367 2720 patremque
387 2643 417 2703 id
438 2641 554 2703 itississe
574 2661 675 2702 aurum
697 2643 749 2702 tibi
771 2643 847 2702 dare.

72 2746 80 2799 t
108 2731 188 2800 Tenes
196 2741 350 2801 iamioA.
358 2740 553 2818 Propemodo,
563 2741 649 2818 itque
660 2740 790 2800 ausculto
801 2737 962 2815 perlubens.
977 2766 1010 2814 50
1021 2746 1078 2802 780

102 2839 161 2898 ss
179 2837 261 2897 Tum
281 2847 313 2897 tu
331 2838 420 2914 igitur
441 2838 544 2897 demus
565 2838 742 2897 Adulescenti
762 2833 864 2896 aunim
885 2838 977 2910 dabis,

99 2932 149 2993 Vbi
167 2937 220 2996 erit
238 2936 335 2995 locata
355 2936 435 3012 virgo
457 2937 487 2993 in
508 2935 733 2994 matrimonium.

93 3041 152 3096 GL
173 3034 250 3095 Scite
269 3032 363 3093 hercle
381 3053 460 3093 sane.
481 3040 553 3092 ΜΕ.
572 3032 649 3104 Hoc,
664 3030 714 3090 tbi
728 3032 916 3093 thensaurum
934 3034 1076 3109 effoderis,

91 3133 291 3211 Suspicionem
311 3133 350 3191 ab
370 3130 556 3192 idulescente
576 3130 726 3191 amoveris.

85 3231 225 3295 Censibit
245 3218 432 3291 aurum'esse
453 3231 471 3290 i
492 3239 573 3307 patre
594 3227 721 3289 adlatum
743 3230 813 3290 tibi:
962 3254 992 3306 55
1016 3235 1074 3292 785

82 3332 134 3395 Tu
155 3329 194 3391 de
214 3329 369 3390 thensauro
391 3327 498 3389 sumes.
520 3336 583 3389 ΘΔ.
599 3327 675 3387 Satis
697 3329 767 3388 scite
787 3328 816 3387 et
837 3330 944 3405 probe:

78 3430 274 3511 Quamquam
294 3428 351 3490 hoc
372 3447 420 3489 me
442 3428 543 3490 aetatis
565 3427 768 3506 sycophantari
786 3426 885 3504 pudet.

568 3547 590 3591 n
