2400 3802
97 266 286 335 Ἡλιῳ-67.
472 256 734 317 TRINVMMVS.
1054 270 1096 338 39

98 425 164 479 ΒΥ.
186 419 271 481 Peter
291 421 374 481 istius
393 419 586 483 §dulescentis
606 421 686 481 dedit
705 421 758 482 has
780 423 852 484 duas
872 424 913 483 mi
933 424 1080 502 epistulas,

99 516 280 578 Lesbonici:
312 519 338 579 is
366 521 436 580 mist
465 521 583 582 amicus
627 525 694 579 ΒΗ.
726 517 850 601 (Aside.)
881 521 987 584 Teneo
1018 525 1096 585 hunc

265 616 523 691 mannestanum:
569 608 762 678 metm-¹
1034 626 1096 682 sus

99 712 157 774 Me
177 717 232 775 sibi
254 714 390 793 epistulis
411 717 526 776 dedisse
547 717 624 778 dicit.
645 717 745 777 ludam
766 715 918 778 hominem
938 721 1041 796 probe.
1063 743 1094 794 51

99 819 165 872 ΒΥ.
187 798 234 874 lta
249 824 282 874 ut
299 814 410 892 occepi,
426 815 451 874 si
467 814 596 874 inimum
614 816 755 889 advortas,
774 816 879 877 dicam.
920 825 987 877 ΒΗ.
1008 818 1096 879 Dabo

265 912 386 990 operam
406 913 466 972 tibi.

98 1017 166 1071 ΒΥ.
188 1009 277 1070 Hinc
297 1028 346 1071 me
366 1011 448 1071 iussit
467 1009 634 1072 Lesbonico
656 1010 724 1072 dire
744 1030 799 1073 suo
819 1022 910 1090 gnato
931 1014 1083 1091 epistulam

98 1092 143 1168 Et
163 1110 232 1169 item
253 1108 330 1169 hanc
351 1109 472 1169 alterem
491 1128 546 1169 suo
567 1112 663 1169 amico
685 1109 795 1169 Callicli
815 1110 897 1170 iussit
916 1109 994 1172 dare.
1064 1140 1097 1188 54

99 1213 171 1266 ΒΗ.
191 1203 314 1289 (Aside.)
334 1207 410 1267 Mihi
425 1225 544 1285 quoque
565 1208 679 1286 edepol,
693 1226 784 1287 quom
805 1209 854 1269 hic
874 1221 1006 1288 nugatur,
1024 1212 1096 1272 cen·

264 1318 309 1367 tra
329 1306 434 1383 nugari
452 1305 540 1366 lubet.
1036 1315 1095 1370 900

97 1400 234 1486 (Aloud.)
262 1383 323 1463 Vbi
342 1405 406 1480 ipse
425 1406 506 1464 erat?
547 1412 610 1465 ΒΥ.
640 1406 721 1465 Bene
740 1405 805 1466 rem
825 1408 953 1483 gerebat.
988 1416 1055 1469 σΗ.

265 1485 347 1580 Ergo
367 1503 436 1562 ubi?
476 1509 537 1563 ΒΥ.
560 1503 596 1562 In
619 1503 758 1562 Seleucia.

99 1606 172 1660 CH.
192 1585 242 1659 Ab
262 1601 366 1678 ipsone
385 1601 454 1660 istas
475 1599 634 1677 decepisti?
675 1607 737 1659 ΒΥ.
756 1599 784 1658 E
804 1600 937 1662 minibus
955 1603 1034 1664 dedit
1054 1605 1096 1663 mi

266 1700 329 1776 ipse
349 1701 380 1759 in
401 1717 514 1781 manus.

99 1804 172 1858 ΒΗ.
193 1797 262 1871 Qut
282 1799 383 1859 faciest
401 1799 511 1858 home?
553 1805 614 1856 ΒΥ.
637 1796 814 1877 Sesquipede
835 1799 982 1879 quidamst
1008 1819 1096 1879 quam

265 1906 297 1957 tu
317 1898 440 1975 longior.

98 2002 171 2056 GH.
195 1991 319 2079 (Aside.)
342 1997 453 2057 Haeret
472 1994 545 2056 haec
566 2015 620 2067 res,
639 1997 665 2056 sl
685 1992 805 2076 quidem
824 2015 882 2074 ego
903 1999 1010 2058 absens
1030 1995 1095 2057 sim

265 2114 354 2174 quam
374 2113 511 2172 praesens
533 2095 653 2171 longior.
742 2111 745 2117 ·
1063 2117 1095 2169 59

97 2191 235 2277 (Aloud.)
248 2195 398 2255 Nevistine
413 2193 584 2253 hominem?
625 2202 686 2254 ΒΥ.
701 2193 833 2253 Ridicule
847 2194 963 2271 regitaS,
977 2195 1095 2272 quicum

264 2290 323 2351 une
344 2293 441 2352 cibum
1036 2297 1095 2351 905

99 2387 218 2466 Cispere
232 2390 322 2450 soleo.
358 2396 424 2448 σΗ.
447 2389 529 2462 Quid
543 2399 586 2448 est
599 2389 626 2448 ei
640 2391 769 2449 nomen?
803 2396 865 2449 ΒΥ.
886 2388 976 2462 Qued
990 2390 1095 2466 edepol

265 2488 378 2547 homini
398 2489 501 2564 probo.

99 2590 172 2646 GE
192 2582 287 2644 Lvibet
311 2584 419 2643 audire.
440 2590 501 2644 ΒΥ.
523 2584 567 2642 Illi
592 2583 1022 2667 edepol-illi-llli-(Aside.)
1042 2605 1097 2647 vae

265 2681 371 2741 misere
386 2682 466 2740 mihi.

99 2787 170 2841 ΟΕ.
181 2780 263 2854 Quid
277 2789 321 2839 est
336 2783 455 2856 negoti?
469 2787 531 2840 ΒΥ.
543 2781 687 2841 Devoravi
701 2783 810 2842 nemen
824 2782 983 2860 inprudens
996 2783 1096 2842 modo.

99 2886 172 2943 GH.
187 2879 257 2940 Neu
269 2880 366 2957 placet
380 2880 429 2958 qui
443 2876 554 2939 amicos
568 2881 643 2940 intra
656 2880 751 2940 dentis
765 2882 920 2941 concluses
934 2882 1030 2941 habet.
1064 2892 1097 2953 64

99 2985 164 3039 ΒΥ.
179 2965 270 3057 Atqui
297 2979 384 3038 etiam
411 2979 502 3038 modo
527 2979 694 3039 versabatur
720 2979 793 3039 mihi
821 2979 851 3038 in
875 2980 961 3039 labris
987 2981 1097 3057 prime-

264 3079 350 3137 ribus.
1035 3084 1094 3138 910

101 3183 170 3235 011.
195 3174 314 3256 (Aside.)
339 3175 477 3254 Temperi
505 3176 572 3235 huic
599 3175 687 3235 hodie
714 3175 855 3237 enteveni.
890 3183 951 3236 ΒΥ.
973 3174 1094 3254 (Aside.)

264 3274 383 3334 Teneor
396 3274 558 3334 manufeste
574 3275 670 3332 miser.

103 3379 169 3431 σΗ.
190 3370 254 3432 Iam
278 3373 523 3433 reconmentitu's
547 3374 676 3433 nornen?
704 3380 764 3432 ΒΥ.
788 3371 906 3452 (Aside.)
926 3370 1023 3432 Derim
1046 3391 1094 3433 me

263 3471 359 3531 hercle
374 3482 460 3551 atque
474 3470 625 3532 hominem
639 3470 736 3549 pudet.
