2354 3794
88 246 131 334 58
359 261 440 316 PLA
448 262 500 316 VT
497 262 518 316 I
539 263 741 318 TRINVMM
743 264 797 319 VS.

218 422 275 474 Ver.
290 425 334 474 281
348 428 452 477 creticus
463 434 619 479 tetrametrus
635 429 785 479 acatalectus

237 541 256 566 „
291 507 337 556 282
356 509 477 558 iambicus
494 512 634 560 octonarius

239 622 257 648 „
292 590 338 652 283
355 597 381 639 et
400 591 447 654 284
463 592 548 642 cretici
564 590 700 641 tetrametrl
717 589 856 643 catalectici

240 706 257 730 ,‚
292 671 337 733 285
354 679 379 722 et
398 672 444 721 286
460 673 581 722 trochaici
598 675 731 738 septenarii

238 787 255 811 ‚‚
290 753 336 816 287
353 762 378 803 et
395 755 442 804 288
460 745 580 804 trochaici
597 756 719 804 octonarii

239 869 256 893 ,‚
291 836 338 900 289
356 835 496 886 trochaicus
513 836 619 886 dimeter
628 837 787 887 catalecticus

247 952 255 977 ,
291 930 338 982 299
354 917 494 968 trochaicus
511 919 651 968 octonarius

239 1033 256 1058 „
290 1013 335 1064 292
349 1000 489 1048 trochaicus
505 1000 610 1049 dimeter
626 1000 777 1051 acatalectus

239 1115 257 1140 „
291 1094 337 1144 292
355 1080 496 1131 trochaicus
513 1082 655 1131 octonarius

481 1165 564 1215 cretici
581 1165 717 1215 tetrametri
733 1164 872 1218 catalectici

236 1240 255 1266 ‚2
292 1218 338 1270 293
351 1206 385 1255 ad
398 1218 446 1268 300
914 1207 1012 1262 artemi

481 1247 565 1297 cretici
581 1246 685 1296 trimetri
702 1246 840 1297 catalectici

238 1364 256 1391 ‚,
291 1342 337 1392 391
351 1328 385 1377 ad
401 1342 447 1394 391
461 1328 582 1378 trochaici
598 1329 732 1393 septenarii

290 1423 337 1474 392
355 1410 389 1460 ad
405 1411 451 1460 601
464 1411 565 1461 iambici
582 1410 672 1460 senarii

237 1528 255 1555 ‚,
288 1493 336 1542 692
353 1493 388 1542 ad
405 1492 452 1557 728
468 1492 587 1542 trochaici
604 1492 737 1557 septenarii

237 1611 254 1637 „
290 1584 338 1638 729
354 1575 387 1624 ad
404 1577 452 1639 819
469 1574 569 1624 iambici
586 1575 676 1624 senarii

236 1692 255 1717 „
287 1659 336 1705 829
353 1656 386 1705 ad
403 1656 451 1721 839
468 1655 588 1706 trochaici
605 1655 725 1706 octonarii

237 1773 255 1798 „
287 1741 337 1801 840
352 1746 378 1788 et
394 1738 440 1800 841
454 1738 607 1803 anapaestici
624 1738 722 1788 dimetri

205 1837 211 1847 1
235 1855 253 1882 „
289 1821 336 1884 842
353 1820 387 1870 ad
403 1830 451 1884 997
469 1819 590 1870 trochaici
606 1821 739 1884 septenarii

236 1937 255 1964 ,.
289 1905 336 1968 998
354 1903 387 1954 ad
405 1913 468 1964 1007
485 1901 588 1951 iambici
604 1902 695 1951 senarii

237 2021 255 2045 ,‚
292 1987 354 2036 1008
371 1984 404 2035 ad
423 1999 484 2049 1992
501 1983 625 2035 trochaici
640 1984 773 2049 septenarii
820 1981 827 1989 ”

236 2102 254 2127 ,,
288 2080 350 2133 2993
367 2067 401 2118 ad
419 2079 482 2131 1114
498 2067 600 2117 iambia·
617 2068 706 2118 senarii

235 2183 252 2207 „
287 2161 349 2211 1115
366 2149 399 2198 ad
413 2161 475 2213 1119
492 2149 644 2212 anapaestici
660 2149 758 2198 dimetri
774 2146 904 2200 acatalectl

234 2263 252 2290 „
286 2241 350 2280 1229
366 2232 398 2280 ad
412 2233 474 2296 1189
491 2229 610 2280 trochaici
626 2231 765 2296 septenarii
