2400 3802
155 273 197 343 52
520 313 523 317 .
567 262 729 320 PLAVYI
996 275 1030 324 V.
1041 277 1070 326 2.
1082 286 1151 340 5-24

156 426 225 484 Non
239 425 338 484 videor
351 423 490 482 meruisse
503 422 627 494 laudem
645 420 730 498 crilpa
746 424 871 482 caruisse
885 422 1016 483 erbitror.
1136 448 1149 496 5

155 523 234 583 Nem
260 521 441 592 beneficium,
469 520 580 579 hemini
608 521 757 597 proprium
785 520 865 598 quod
893 521 985 592 datur,
1015 521 1151 598 prorsrim

316 621 406 697 perit:
1074 627 1150 681 1130

158 718 246 790 Quod
267 719 366 777 datum
385 713 559 787 utendrimst‚
575 715 727 790 repetundi
748 715 778 774 id
798 717 920 793 copiast,
935 718 1059 794 quando
1073 719 1142 778 velis

158 823 224 875 OE.
245 800 300 874 Est
319 818 360 874 ita
379 826 411 873 ut
430 825 462 873 tu
483 814 563 873 dicis.
585 813 637 870 sed
657 831 714 888 ego
734 812 793 872 hoc
814 814 930 891 nequeo
951 817 1053 876 mirari
1074 818 1143 878 satis

157 911 234 970 Eem
254 931 383 971 sororem
402 910 593 986 despondisse
615 926 697 966 suam
718 906 832 968 in''t'a'm
852 907 958 970 fortem
978 912 1131 975 familiam

77 1034 79 1039 ·
160 1019 221 1069 cm
236 1010 353 1088 Lysiteli
373 1008 489 1086 quidem
509 1006 656 1071 Philtonis,
669 1006 738 1077 iilic.
781 1013 849 1066 ΒΥ.
862 1005 982 1089 (Aside.)
996 1009 1088 1071 Enim
1103 1032 1150 1072 me

319 1107 459 1166 neminat.
1120 1135 1150 1170 10

161 1213 226 1264 ΟΕ.
240 1204 391 1263 Femiliam
411 1215 561 1280 optumam
582 1204 742 1279 occupavit
767 1201 968 1284 LY.=(Aside.)
989 1206 1072 1279 Quid
1093 1227 1149 1286 ego
1190 1276 1192 1299 Ι

224 1378 226 1382 λ
318 1319 400 1361 cesso
415 1302 470 1360 hos
485 1300 642 1376 cenloqui?
981 1346 984 1351 ·
1071 1310 1148 1365 1135

161 1401 219 1460 Sed
240 1412 374 1460 maneam
396 1400 490 1468 etiam,
511 1399 633 1475 opinor:
661 1418 788 1477 namque
811 1400 869 1459 hoc
892 1402 1084 1462 commodum
1103 1422 1150 1463 or·

321 1497 396 1557 ditrir
408 1497 496 1572 loqui.
1047 1485 1049 1489 ¹

162 1605 226 1657 ΟΕ.
242 1596 317 1655 Veh.
339 1604 400 1654 CA.
416 1595 496 1666 Quid
510 1597 573 1653 est?
590 1601 656 1653 011.
672 1595 787 1655 Oblitus
801 1597 879 1655 intus
894 1595 1004 1657 dudum
1017 1601 1070 1658 tibi
1086 1620 1150 1661 sum

321 1695 432 1753 dicere:

161 1793 254 1851 Medo
275 1793 315 1849 mi
335 1792 498 1850 advenienti
516 1801 640 1867 nugator
659 1791 779 1867 quidam
800 1795 923 1852 occessit
943 1795 1070 1865 ebviarm

161 1890 256 1948 Nimis
279 1890 482 1968 pergraphicus
504 1873 690 1967 sycoph'anta.
717 1891 742 1949 is
762 1891 841 1950 mille
862 1910 1015 1953 nummum
1038 1911 1073 1952 se
1100 1894 1151 1955 ari·

319 2006 401 2046 reum
1120 2018 1151 2065 15

161 2085 232 2145 Meo
253 2085 322 2144 datu
341 2085 391 2143 tibi
412 2083 483 2144 ierre
505 2095 533 2144 et
553 2094 642 2161 gnato
663 2080 833 2146 Lesbonico
849 2087 926 2147 aibet
945 2106 1029 2147 meo:
1069 2095 1151 2151 1140

162 2183 259 2255 Quem
275 2182 331 2258 ego
352 2201 406 2241 nec
427 2183 477 2259 qui
493 2194 569 2242 esset
589 2183 726 2241 noveram
747 2202 842 2261 neque
858 2183 983 2261 risquam
1003 2190 1152 2265 conspexi

320 2298 406 2356 pnus.

162 2378 220 2438 Sed
240 2378 308 2456 quid
327 2377 423 2437 rides?
444 2386 506 2437 ca.
521 2378 591 2436 Meo
612 2378 746 2454 adlegatu
767 2378 852 2452 venit,
871 2383 953 2459 quasi
974 2384 1023 2461 qui
1043 2383 1150 2445 aurem

321 2475 391 2533 mihi
594 2532 596 2536 ,

161 2574 256 2643 Ferret
277 2575 377 2633 abste
398 2574 477 2651 qued
498 2575 596 2632 darem
615 2585 681 2633 tuae
702 2573 806 2650 gnetae
827 2576 943 2635 dotem:
965 2586 997 2636 ut
1018 2577 1098 2640 iilius

161 2670 253 2742 Trios,
273 2670 390 2748 quando
417 2673 456 2730 illi
483 2691 501 2730 a
527 2671 574 2730 me
602 2671 708 2743 darem,
729 2663 794 2731 esse
821 2673 949 2732 adlitum
975 2675 1006 2732 id
1035 2676 1091 2735 abs
1119 2688 1150 2738 te

320 2770 447 2829 crederet
1118 2799 1152 2835 κο

161 2865 228 2926 Neri
248 2869 378 2944 quirem
398 2869 490 2944 ipsam
511 2868 609 2944 posset
628 2867 800 2945 intellegere,
820 2869 1009 2928 thensaunim
1028 2881 1114 2933 tuom

161 2963 213 3023 Me
239 2983 330 3041 penes
358 2984 429 3038 esse,
454 2975 541 3042 atque
565 2965 583 3024 a
608 2985 657 3024 me
680 2966 745 3042 lege
761 2965 869 3043 ,pepuli
892 2968 1016 3044 patrium
1039 2969 1148 3045 pesce-

319 3073 371 3122 ret.
1066 3071 1148 3129 1146

161 3167 227 3220 ΘΗ.
248 3160 325 3219 Scite
348 3162 462 3237 edepol.
492 3169 553 3220 ΟΛ.
569 3160 775 3238 Megaronides
800 3159 954 3222 conmunis
977 3162 1035 3222 hoc
1059 3181 1149 3227 meus

319 3258 349 3317 et
362 3270 429 3318 tuos

161 3356 341 3417 Benevolens
365 3357 555 3418 conmentust
591 3367 656 3418 OE.
671 3360 751 3433 Quin
775 3357 918 3420 conlarido
941 3358 1095 3421 consilium
1117 3360 1149 3423 et

319 3455 422 3533 probe.
