2354 3794
10 237 44 282 uu
95 240 110 290 1.
119 242 136 292 2.
146 259 203 314 μμ,
236 295 240 301 ,
425 242 685 300 TRINVMMVS.
1029 245 1051 316 5

93 392 351 474 dinumerarent
371 406 456 465 nobis
476 406 549 467 haec
569 405 708 466 habititio
1013 409 1051 462 40

92 491 151 557 Bona
166 501 255 562 fadsta
275 502 342 562 felix
361 503 563 581 fortunataque
584 504 727 564 evenat-

517 600 666 681 (Turm'ng
681 621 764 678 away
766 605 851 681 from
865 603 910 661 the
923 598 1010 680 door.)

91 685 165 770 Teque
183 698 214 759 dt
233 718 322 776 quam
342 701 469 776 primum
489 700 601 776 possim
621 699 736 758 videam
757 700 927 759 emortuam.

88 789 137 850 isti
154 793 271 876 (Aside.)
293 798 352 857 Hie
371 798 445 856 illest
465 807 583 858 senecta
603 796 697 856 aetite
718 798 768 875 qui
789 795 894 857 factust
914 816 994 874 puer,
1035 819 1049 869 5

88 880 128 954 Qui
143 895 253 955 admisit
272 896 303 953 in
324 914 355 955 se
377 893 493 971 culpam
515 894 723 971 castigtbilem.

85 980 215 1062 Adgrediar
229 993 388 1053 hominem.
404 999 469 1054 CA.
484 993 581 1066 Quoia
591 993 639 1052 hic
650 1010 705 1051 vox
719 1010 813 1069 prope
828 991 876 1051 me
890 994 996 1052 sonat?
1011 999 1049 1052 45

84 1081 134 1144 ME
152 1089 208 1150 Tni
229 1092 436 1162 benevolentis,
452 1092 477 1151 si
497 1089 561 1150 ita’s
574 1101 608 1150 ut
627 1108 684 1166 ego
704 1090 733 1150 te
754 1090 838 1149 volo:

84 1173 120 1237 Sin
136 1187 209 1248 iliter
230 1209 271 1261 es,
285 1191 394 1249 inimici
415 1200 501 1266 atque
522 1190 586 1249 irati
606 1189 667 1248 tibi.

83 1279 127 1338 (Ἃ
145 1286 170 1346 O
191 1289 295 1358 amice,
310 1288 393 1346 salve.
416 1283 516 1368 [atque
537 1287 673 1363 aequalis.
695 1297 729 1346 ut
748 1287 835 1357 valeS,
1021 1311 1051 1346 ιο

80 1365 263 1453 Megaronides
272 1380 296 1466 i]
318 1392 391 1443 ΜΕ.
412 1385 451 1443 Et
471 1396 503 1444 tu
523 1384 627 1462 edepol
650 1385 736 1455 salve,
751 1383 894 1446 CillicleS.

79 1461 170 1540 Valin?
191 1483 345 1542 valuistin?
366 1490 429 1543 ΟΛ.
452 1481 545 1542 Vileo
566 1493 596 1542 et
616 1483 690 1540 valui
712 1481 826 1542 rectius.
1011 1487 1049 1541 50

75 1565 128 1630 ME,
138 1579 218 1651 Quid
231 1579 282 1638 tda
296 1581 355 1656 agit
368 1581 460 1639 uxor?
481 1578 513 1639 rit
527 1581 619 1641 valet?
641 1587 704 1639 ΟΔ,
717 1579 785 1638 Plus
799 1596 889 1654 quam
903 1576 960 1654 ego
973 1581 1049 1639 volo.

71 1662 126 1729 ΜΕ.
147 1679 227 1737 Bene
249 1677 370 1737 herclest
389 1677 467 1736 illam
486 1679 538 1736 tibi
558 1679 651 1736 valere
672 1687 701 1738 et
721 1678 824 1736 vivere.

69 1762 117 1825 ⁰&
139 1776 238 1836 Credo
258 1775 353 1834 hercle
374 1785 403 1834 te
423 1775 558 1853 gaudere,
574 1776 669 1854 siquid
689 1775 762 1833 mihi
782 1774 885 1834 maliet
1020 1800 1048 1848 15

62 1857 122 1925 ΜΕ·
147 1874 295 1934 Omnibus
315 1874 417 1933 amieis
439 1874 519 1950 qu6d
540 1874 638 1932 mihist
658 1874 745 1950 cupio
768 1873 833 1932 esse
853 1875 941 1933 idem.

60 1956 114 2022 ΟΛ.
137 1971 206 2029 Eho
227 1969 267 2041 td,
281 1981 331 2029 tua
352 1989 425 2031 uxor
446 1972 516 2048 quid
538 1973 617 2047 agit?
637 1979 710 2031 ΜΕ.
732 1970 900 2031 ΙηωοτῑέιΙίε
920 1981 982 2031 est:
1011 1976 1049 2031 55

56 2044 132 2128 Vivst
153 2069 355 2145 victuraquest
377 2077 441 2129 OA.
463 2069 544 2155 Bene
565 2066 660 2129 hercle
681 2067 806 2141 nrintias,

50 2143 193 2246 Deosque
214 2167 267 2226 610
287 2178 320 2227 ut
339 2168 414 2227 vitae
435 2166 501 2227 tuae
522 2179 667 2244 superstes
689 2165 834 2245 sdppetat.

46 2248 120 2323 ΠΕ.
144 2268 227 2327 Dum
249 2266 367 2344 quidem
389 2266 485 2326 hercle
505 2276 602 2326 tecum
624 2263 715 2342 nripta
735 2267 780 2336 sit,
798 2265 868 2325 sane
888 2266 982 2324 velim.
1019 2289 1050 2323 20

45 2349 110 2416 (Ἀ
137 2366 207 2443 Ἧι
219 2365 445 2424 conmutemus?
466 2363 546 2424 triam
566 2382 623 2440 ego
646 2364 751 2422 ducam
772 2374 808 2423 et'
821 2360 853 2420 tri
874 2364 990 2420 meam?

41 2437 132 2523 Faxo
155 2450 215 2521 had
236 2463 380 2521 tantillum
401 2463 513 2522 dederis
534 2460 687 2521 verborum
708 2462 787 2519 mihi.
1011 2465 1049 2520 60

39 2542 121 2619 ΜΕ.
146 2561 285 2637 Namque
306 2560 385 2618 enim
406 2570 446 2632 tu,
460 2561 557 2631 credo,
572 2580 620 2621 me
642 2560 845 2636 inprudentem
867 2558 1038 2635 obrepseris.

40 2644 112 2714 Q·
139 2661 188 2721 Ne
210 2670 241 2718 tu
262 2658 355 2717 hercle
376 2657 444 2716 faxo
465 2659 523 2718 hau
544 2659 658 2719 nescias
678 2677 766 2737 quam
786 2676 848 2717 rem
869 2655 970 2732 egeris.

40 2740 123 2819 ΜΕ.
147 2757 271 2818 Habeds
291 2767 324 2815 ut
344 2758 493 2816 nanctu’s:
508 2757 579 2816 nota
599 2758 742 2815 mulares
762 2755 918 2832 optumast.
1019 2779 1048 2828 ²5

43 2833 132 2916 Nam
154 2875 211 2933 ego
232 2853 312 2914 minc
334 2857 357 2914 si
378 2857 510 2933 ignotam
532 2855 654 2932 cipum,
670 2855 740 2930 quid
761 2873 848 2932 agam
868 2855 1006 2914 nesciam.

50 2943 119 3012 (Ἀ.
139 2954 255 3032 Edepol
276 2955 400 3030 proinde
421 2965 452 3013 ut
472 2957 548 3013 bene
569 2955 677 3025 vivitur,
693 2953 742 3011 diu
763 2954 872 3012 vivitur.
1011 2960 1048 3013 65

52 3042 127 3127 Q
148 3052 207 3112 Sed
227 3052 284 3111 hoc
305 3051 436 3111 inimum
458 3053 577 3111 advorte
598 3062 684 3127 atque
705 3050 785 3112 adfer
805 3052 974 3112 ridiculina.

59 3135 134 3209 Nam
154 3169 211 3228 ego
224 3151 329 3216 ,dedita
349 3170 440 3227 opera
460 3151 517 3209 hue
538 3148 576 3208 td
598 3159 625 3208 te
646 3150 739 3209 venio.
761 3158 825 3210 ΟΔ
847 3150 928 3222 Quid
948 3151 1048 3209 venis?

63 3244 127 3307 ll
147 3249 234 3308 Malis
255 3259 284 3309 te
304 3260 336 3309 ut
356 3251 450 3308 verbis
471 3246 567 3307 multis
587 3248 711 3306 multum
732 3247 915 3325 obirirgitem.
1015 3272 1048 3318 30

68 3344 120 3405 ΟΔ,
140 3347 231 3407 Men?
252 3353 326 3406 ΜΕ.
338 3346 485 3423 Numquis
499 3357 543 3405 est
560 3347 607 3405 hic
622 3346 694 3405 ilius
709 3358 822 3422 praeter
835 3365 884 3404 me
899 3344 986 3421 itque
999 3348 1047 3404 te?

69 3446 120 3505 αι
141 3445 274 3506 Nemost.
296 3453 368 3505 um
390 3444 471 3518 Quid
489 3454 520 3505 tu
538 3445 624 3524 igitur
642 3444 754 3522 rogites
770 3455 840 3504 tene
856 3440 1052 3517 onidrgitenxi
