2400 3802
96 266 270 332 v.2.25-4³·
468 254 728 310 TRINVMMVS.
1048 259 1091 330 53

97 415 166 468 Π.
181 405 301 488 (Anile).
317 409 398 484 Quid
421 427 479 486 ego
500 409 625 486 ineptus,
646 408 718 470 drim
741 426 908 470 sermonem
928 407 1028 469 vereor
1048 409 1092 468 in-

263 506 450 584 terrompere‚
1062 532 1091 583 ²5

102 605 191 666 Solus
209 616 256 665 sto
273 625 328 664 nec
343 605 424 681 quod
443 614 564 664 conatus
583 623 649 666 sum
662 605 750 683 ogere
768 608 846 684 ago?
868 607 1004 666 homines
1023 607 1093 665 con·

262 704 374 779 loquar.
1016 709 1093 764 1150

102 809 171 861 011.
185 801 261 875 Quis
281 801 328 859 hic
347 810 391 860 est
404 801 454 878 qui
467 801 525 861 huc
543 801 582 861 ad
596 801 652 862 nos
668 802 793 863 incedit?
821 809 890 861 LY.
905 801 1092 862 Chirmidem

264 897 399 960 socerum
413 917 499 959 suom
1127 976 1130 980 ι

102 998 243 1075 Lysiteles
262 997 374 1057 saltitat
403 1005 469 1056 OE
483 996 523 1056 Di
543 998 614 1057 dent
633 999 693 1068 tibi,
708 998 858 1076 Lysiteles,
874 999 949 1076 quae
962 1000 1041 1058 velis.

103 1102 168 1156 cA.
177 1094 247 1155 Non
261 1113 318 1172 ego
332 1113 397 1154 sum
412 1092 504 1155 saltite
517 1096 644 1172 dignus?
665 1102 732 1155 LY.
742 1080 840 1155 lmmo
854 1098 941 1168 salve,
950 1096 1094 1156 Cillicles.

102 1192 194 1252 Hono
203 1194 328 1270 priorem
338 1191 490 1271 aeqoomst
500 1212 548 1252 me
558 1192 678 1253 habere:
689 1190 787 1252 tonica
795 1196 915 1271 propior
924 1194 1047 1270 polliost.
1063 1218 1095 1266 30

103 1299 167 1351 011
186 1290 268 1351 Deos
287 1291 354 1350 volo
374 1291 496 1351 consilia
515 1290 591 1349 uobis
612 1290 708 1350 vostra
727 1301 804 1351 recte
825 1292 944 1351 vortere.

102 1395 171 1448 (111.
184 1388 287 1447 Filiam
307 1407 405 1449 meam
422 1390 475 1448 tibi
494 1389 673 1466 desponsam
693 1407 758 1448 esse
780 1387 876 1448 aridio.
897 1395 964 1448 LY.
980 1388 1045 1448 Nisi
1064 1388 1096 1448 tri

265 1489 353 1563 neyjs.
398 1462 608 1644 &taphni
1016 1493 1095 1547 1156

102 1593 171 1645 σΗ.
186 1567 284 1644 lmmo
303 1585 362 1644 hau
382 1587 461 1646 nolo.
516 1593 556 1645 Y.
572 1585 713 1663 Sponden
731 1596 764 1644 tu
784 1604 855 1663 ergo
875 1584 956 1645 tuom
976 1596 1095 1662 gnatam

265 1684 386 1742 uxorem
400 1685 489 1742 mihil

103 1787 171 1838 OE.
186 1779 327 1856 Spondeo
341 1790 370 1839 et
383 1781 460 1841 mille
480 1780 541 1840 ariri
555 1780 722 1857 Philippum
737 1780 821 1839 dotis.
849 1786 917 1839 LY.
931 1780 1041 1840 Dotem
1056 1781 1096 1839 nil

265 1897 373 1938 moror.

103 1983 171 2034 OE.
191 1975 225 2045 Si
245 1976 294 2034 illa
314 1976 365 2034 tibi
389 1975 492 2053 placot
513 1976 659 2055 placenda
683 1977 738 2036 dos
763 1986 909 2052 quoquest
935 1994 1023 2053 quam
1048 1974 1097 2034 dot

265 2074 325 2132 tibi.
1064 2096 1095 2144 35

103 2168 254 2228 Postremo
280 2171 363 2246 quod
390 2173 433 2231 vis
459 2190 521 2231 non
548 2171 649 2243 duces,
671 2171 729 2229 nisi
756 2170 827 2229 illud
854 2170 934 2248 quod
962 2188 1023 2228 non
1050 2170 1096 2226 vis

266 2267 350 2329 seres.
1019 2269 1096 2325 1160

103 2370 168 2423 ΟΔ.
183 2363 234 2423 Its
247 2365 295 2424 hic
309 2375 380 2425 orat.
404 2373 471 2426 Π.
485 2350 646 2442 inpetrabit
660 2375 689 2424 te
703 2364 846 2425 odvocato
861 2376 948 2441 atque
963 2363 1077 2422 orbino.

102 2444 183 2521 istac
202 2462 269 2539 lege
290 2463 380 2523 filiam
400 2475 480 2523 tuam
501 2465 637 2541 spondeo
658 2465 699 2522 mi
720 2462 843 2521 uxorem
865 2463 946 2521 dari?

104 2566 173 2619 ΘΗ.
188 2560 337 2639 Spondeo.
362 2569 425 2620 ΘΑ.
438 2560 478 2620 Ε1
498 2579 555 2638 ego
575 2560 710 2636 spondeo
730 2559 837 2618 itidem.
860 2558 971 2618 HLO
993 2558 1099 2620 silvete

268 2658 380 2718 adfines
393 2660 461 2718 mei.

106 2763 174 2816 ΟΕ.
195 2743 286 2833 Atqui
310 2757 416 2833 edepol
440 2766 507 2815 sunt
530 2755 577 2815 ros
602 2774 675 2834 quas
699 2766 817 2832 propter
840 2756 893 2814 tibi
914 2765 1013 2815 tamen
1037 2776 1101 2817 sus·

269 2852 379 2913 consui.
1067 2881 1101 2930 40

104 2960 174 3013 m.
187 2952 268 3026 Quid
288 2971 345 3028 ego
367 2952 443 3011 ieci?
470 2959 537 3010 ΘΗ.
555 2949 658 3010 Merim
679 2952 826 3028 corrumpi
849 2953 918 3029 quia
938 2953 1101 3030 perpessu's

269 3049 371 3108 lilium.
1022 3055 1100 3110 1165

105 3151 174 3206 m.
190 3145 221 3204 Si
243 3146 275 3206 id
295 3165 363 3206 mea
382 3144 529 3206 voluntite
552 3145 696 3218 factumst,
718 3145 763 3204 ost
786 3147 867 3223 quod
889 3146 959 3204 mihi
984 3147 1100 3206 suscen-

270 3262 345 3303 seas.
788 3286 790 3291 ψ

110 3340 168 3401 sed
182 3340 245 3400 sine
264 3340 312 3400 me
331 3340 389 3400 hoc
410 3342 463 3400 abs
480 3351 508 3400 te
522 3341 664 3417 inpetrare
682 3339 763 3415 quod
776 3339 854 3398 uolo
891 3347 957 3399 ΘΗ.
973 3340 1052 3412 Quid
1071 3342 1100 3400 id

271 3439 334 3498 est?
356 3445 422 3498 LY.
439 3438 535 3498 Scies:
