<?xml version="1.0" encoding="UTF-8"?>
<!DOCTYPE html PUBLIC "-//W3C//DTD XHTML 1.0 Transitional//EN"
    "http://www.w3.org/TR/xhtml1/DTD/xhtml1-transitional.dtd">
<html xmlns="http://www.w3.org/1999/xhtml" xml:lang="en" lang="en">
 <head>
  <title>
</title>
<meta http-equiv="Content-Type" content="text/html;charset=utf-8" />
  <meta name='ocr-system' content='tesseract 3.04.00' />
  <meta name='ocr-capabilities' content='ocr_page ocr_carea ocr_par ocr_line ocrx_word'/>
</head>
<body>
  <div class='ocr_page' id='page_1' title='image "./tmacciplautitri00slomgoog_0037.png"; bbox 0 0 2400 3802; ppageno 0'>
   <div class='ocr_carea' id='block_1_1' title="bbox 119 249 1144 333">
    <p class='ocr_par' dir='ltr' id='par_1_1' title="bbox 119 249 1144 333">
     <span class='ocr_line' id='line_1_1' title="bbox 119 249 1144 333; baseline 0.011 -22"><span class='ocrx_word' id='word_1_1' title='bbox 119 249 138 311; x_wconf 87' lang='grc'><em>8</em></span> <span class='ocrx_word' id='word_1_2' title='bbox 532 260 613 316; x_wconf 84' lang='lat' dir='ltr'>PLA</span> <span class='ocrx_word' id='word_1_3' title='bbox 621 261 692 316; x_wconf 88' lang='lat' dir='ltr'>VTI</span> <span class='ocrx_word' id='word_1_4' title='bbox 918 269 940 320; x_wconf 94' lang='lat'>1.</span> <span class='ocrx_word' id='word_1_5' title='bbox 952 269 976 319; x_wconf 75' lang='lat'>2.</span> <span class='ocrx_word' id='word_1_6' title='bbox 989 281 1115 333; x_wconf 78' lang='lat' dir='ltr'>roo-130.</span> <span class='ocrx_word' id='word_1_7' title='bbox 1141 258 1144 269; x_wconf 83' lang='lat'>&#39;</span> 
     </span>
    </p>
   </div>
   <div class='ocr_carea' id='block_1_2' title="bbox 118 422 1116 694">
    <p class='ocr_par' dir='ltr' id='par_1_2' title="bbox 118 422 1116 694">
     <span class='ocr_line' id='line_1_2' title="bbox 119 422 1116 500; baseline 0 -19"><span class='ocrx_word' id='word_1_8' title='bbox 119 423 172 482; x_wconf 84' lang='lat' dir='ltr'>Ille</span> <span class='ocrx_word' id='word_1_9' title='bbox 193 424 244 500; x_wconf 82' lang='lat' dir='ltr'>qui</span> <span class='ocrx_word' id='word_1_10' title='bbox 262 423 411 483; x_wconf 84' lang='lat' dir='ltr'>mandavit</span> <span class='ocrx_word' id='word_1_11' title='bbox 430 422 588 484; x_wconf 83' lang='lat' dir='ltr'>exturbasti</span> <span class='ocrx_word' id='word_1_12' title='bbox 607 443 644 484; x_wconf 88' lang='lat' dir='ltr'>ex</span> <span class='ocrx_word' id='word_1_13' title='bbox 665 423 808 485; x_wconf 88' lang='lat' dir='ltr'>aedibus?</span> <span class='ocrx_word' id='word_1_14' title='bbox 1068 445 1116 482; x_wconf 83' lang='lat'>100</span> 
     </span>
     <span class='ocr_line' id='line_1_3' title="bbox 118 519 867 625; baseline 0.001 -45"><span class='ocrx_word' id='word_1_15' title='bbox 118 520 234 598; x_wconf 84' lang='lat' dir='ltr'>Edepel</span> <span class='ocrx_word' id='word_1_16' title='bbox 254 523 424 625; x_wconf 68' lang='lat' dir='ltr'>mapdamm</span> <span class='ocrx_word' id='word_1_17' title='bbox 444 521 543 600; x_wconf 81' lang='lat' dir='ltr'>pdlcre</span> <span class='ocrx_word' id='word_1_18' title='bbox 563 534 593 582; x_wconf 91' lang='lat' dir='ltr'>et</span> <span class='ocrx_word' id='word_1_19' title='bbox 613 519 744 581; x_wconf 81' lang='lat' dir='ltr'>curatdm</span> <span class='ocrx_word' id='word_1_20' title='bbox 764 523 867 599; x_wconf 85' lang='lat' dir='ltr'><strong>probe.</strong></span> 
     </span>
     <span class='ocr_line' id='line_1_4' title="bbox 120 618 919 694; baseline 0.001 -16"><span class='ocrx_word' id='word_1_21' title='bbox 120 619 214 678; x_wconf 87' lang='lat' dir='ltr'>Crede</span> <span class='ocrx_word' id='word_1_22' title='bbox 234 620 303 678; x_wconf 88' lang='lat' dir='ltr'>huic</span> <span class='ocrx_word' id='word_1_23' title='bbox 323 619 457 679; x_wconf 87' lang='lat' dir='ltr'>tutelam:</span> <span class='ocrx_word' id='word_1_24' title='bbox 479 619 562 679; x_wconf 76' lang='lat' dir='ltr'>suem</span> <span class='ocrx_word' id='word_1_25' title='bbox 582 639 645 679; x_wconf 88' lang='lat' dir='ltr'>rem</span> <span class='ocrx_word' id='word_1_26' title='bbox 664 620 769 679; x_wconf 90' lang='lat' dir='ltr'>melius</span> <span class='ocrx_word' id='word_1_27' title='bbox 788 618 919 694; x_wconf 81' lang='lat' dir='ltr'>gesserit.</span> 
     </span>
    </p>
   </div>
   <div class='ocr_carea' id='block_1_3' title="bbox 33 715 1161 3545">
    <p class='ocr_par' dir='ltr' id='par_1_3' title="bbox 118 715 1161 1675">
     <span class='ocr_line' id='line_1_5' title="bbox 120 715 1116 792; baseline -0.001 -15"><span class='ocrx_word' id='word_1_28' title='bbox 120 724 184 777; x_wconf 75' lang='lat' dir='ltr'>CA.</span> <span class='ocrx_word' id='word_1_29' title='bbox 207 717 324 792; x_wconf 82' lang='lat' dir='ltr'>Subigis</span> <span class='ocrx_word' id='word_1_30' title='bbox 345 717 505 776; x_wconf 85' lang='lat' dir='ltr'>maledictis</span> <span class='ocrx_word' id='word_1_31' title='bbox 526 716 574 775; x_wconf 89' lang='lat' dir='ltr'>me</span> <span class='ocrx_word' id='word_1_32' title='bbox 594 717 658 788; x_wconf 73' lang='lat' dir='ltr'>tuin,</span> <span class='ocrx_word' id='word_1_33' title='bbox 674 715 891 792; x_wconf 82' lang='lat' dir='ltr'>Megarenides,</span> <span class='ocrx_word' id='word_1_34' title='bbox 1056 721 1116 776; x_wconf 83' lang='lat'>140</span> 
     </span>
     <span class='ocr_line' id='line_1_6' title="bbox 119 812 918 892; baseline -0.001 -19"><span class='ocrx_word' id='word_1_35' title='bbox 119 814 205 874; x_wconf 84' lang='lat' dir='ltr'>Nove</span> <span class='ocrx_word' id='word_1_36' title='bbox 227 815 317 873; x_wconf 92' lang='lat' dir='ltr'>modo</span> <span class='ocrx_word' id='word_1_37' title='bbox 338 816 413 874; x_wconf 93' lang='lat' dir='ltr'>adeo</span> <span class='ocrx_word' id='word_1_38' title='bbox 434 826 466 874; x_wconf 91' lang='lat' dir='ltr'>ut</span> <span class='ocrx_word' id='word_1_39' title='bbox 486 814 567 892; x_wconf 81' lang='lat' dir='ltr'>qued</span> <span class='ocrx_word' id='word_1_40' title='bbox 587 833 671 874; x_wconf 87' lang='lat' dir='ltr'>meae</span> <span class='ocrx_word' id='word_1_41' title='bbox 692 812 918 874; x_wconf 89' lang='lat' dir='ltr'>concreditumst</span> 
     </span>
     <span class='ocr_line' id='line_1_7' title="bbox 120 909 1161 985; baseline 0 -14"><span class='ocrx_word' id='word_1_42' title='bbox 120 910 321 971; x_wconf 82' lang='lat' dir='ltr'>Tacitiirnitati</span> <span class='ocrx_word' id='word_1_43' title='bbox 341 911 426 981; x_wconf 74' lang='lat' dir='ltr'>clem,</span> <span class='ocrx_word' id='word_1_44' title='bbox 441 911 499 971; x_wconf 90' lang='lat' dir='ltr'>fide</span> <span class='ocrx_word' id='word_1_45' title='bbox 520 920 549 971; x_wconf 90' lang='lat' dir='ltr'>et</span> <span class='ocrx_word' id='word_1_46' title='bbox 569 909 701 983; x_wconf 74' lang='lat' dir='ltr'>fiduciae,</span> <span class='ocrx_word' id='word_1_47' title='bbox 1066 934 1114 985; x_wconf 79' lang='lat'>105</span> <span class='ocrx_word' id='word_1_48' title='bbox 1159 938 1161 971; x_wconf 85' lang='lat'><strong>;</strong></span> 
     </span>
     <span class='ocr_line' id='line_1_8' title="bbox 119 1007 893 1087; baseline 0.001 -20"><span class='ocrx_word' id='word_1_49' title='bbox 119 1008 166 1069; x_wconf 89' lang='lat' dir='ltr'>Ne</span> <span class='ocrx_word' id='word_1_50' title='bbox 187 1007 366 1069; x_wconf 81' lang='lat' dir='ltr'>emintiarem</span> <span class='ocrx_word' id='word_1_51' title='bbox 387 1010 544 1086; x_wconf 71' lang='lat' dir='ltr'>quosquam</span> <span class='ocrx_word' id='word_1_52' title='bbox 564 1028 622 1069; x_wconf 91' lang='lat' dir='ltr'>neu</span> <span class='ocrx_word' id='word_1_53' title='bbox 642 1009 767 1069; x_wconf 84' lang='lat' dir='ltr'>facerem</span> <span class='ocrx_word' id='word_1_54' title='bbox 787 1011 893 1087; x_wconf 88' lang='lat' dir='ltr'>palam,</span> 
     </span>
     <span class='ocr_line' id='line_1_9' title="bbox 119 1107 856 1167; baseline 0.004 -4"><span class='ocrx_word' id='word_1_55' title='bbox 119 1107 160 1165; x_wconf 90' lang='lat' dir='ltr'>Vt</span> <span class='ocrx_word' id='word_1_56' title='bbox 180 1107 253 1164; x_wconf 83' lang='lat' dir='ltr'>mihi</span> <span class='ocrx_word' id='word_1_57' title='bbox 274 1124 395 1166; x_wconf 89' lang='lat' dir='ltr'>necesse</span> <span class='ocrx_word' id='word_1_58' title='bbox 416 1108 453 1166; x_wconf 84' lang='lat' dir='ltr'>sit</span> <span class='ocrx_word' id='word_1_59' title='bbox 472 1107 531 1166; x_wconf 91' lang='lat' dir='ltr'>iam</span> <span class='ocrx_word' id='word_1_60' title='bbox 551 1107 582 1165; x_wconf 92' lang='lat' dir='ltr'>id</span> <span class='ocrx_word' id='word_1_61' title='bbox 600 1107 653 1165; x_wconf 91' lang='lat' dir='ltr'>tibi</span> <span class='ocrx_word' id='word_1_62' title='bbox 673 1107 856 1167; x_wconf 90' lang='lat' dir='ltr'>concredere.</span> 
     </span>
     <span class='ocr_line' id='line_1_10' title="bbox 118 1201 1116 1281; baseline 0.004 -19"><span class='ocrx_word' id='word_1_63' title='bbox 118 1212 190 1264; x_wconf 72' lang='grc'><strong>1111.</strong></span> <span class='ocrx_word' id='word_1_64' title='bbox 212 1204 287 1263; x_wconf 92' lang='lat' dir='ltr'>Mihi</span> <span class='ocrx_word' id='word_1_65' title='bbox 307 1203 387 1280; x_wconf 83' lang='lat' dir='ltr'>qued</span> <span class='ocrx_word' id='word_1_66' title='bbox 408 1204 572 1275; x_wconf 86' lang='lat' dir='ltr'>credideris,</span> <span class='ocrx_word' id='word_1_67' title='bbox 587 1201 684 1263; x_wconf 78' lang='lat' dir='ltr'>sumes</span> <span class='ocrx_word' id='word_1_68' title='bbox 705 1205 755 1263; x_wconf 92' lang='lat' dir='ltr'>ubi</span> <span class='ocrx_word' id='word_1_69' title='bbox 776 1205 926 1281; x_wconf 84' lang='lat' dir='ltr'>posiveris.</span> <span class='ocrx_word' id='word_1_70' title='bbox 1052 1210 1116 1266; x_wconf 82' lang='grc'>145</span> 
     </span>
     <span class='ocr_line' id='line_1_11' title="bbox 120 1299 871 1378; baseline 0 -17"><span class='ocrx_word' id='word_1_71' title='bbox 120 1311 183 1361; x_wconf 83' lang='lat' dir='ltr'>cA.</span> <span class='ocrx_word' id='word_1_72' title='bbox 205 1299 476 1378; x_wconf 83' lang='lat' dir='ltr'>Circdmspicedum</span> <span class='ocrx_word' id='word_1_73' title='bbox 495 1312 533 1373; x_wconf 91' lang='lat' dir='ltr'>te,</span> <span class='ocrx_word' id='word_1_74' title='bbox 548 1301 651 1378; x_wconf 88' lang='lat' dir='ltr'>nequis</span> <span class='ocrx_word' id='word_1_75' title='bbox 671 1301 746 1361; x_wconf 90' lang='lat' dir='ltr'>adsit</span> <span class='ocrx_word' id='word_1_76' title='bbox 765 1301 871 1361; x_wconf 75' lang='lat' dir='ltr'>erbiter</span> 
     </span>
     <span class='ocr_line' id='line_1_12' title="bbox 119 1397 1116 1476; baseline 0.002 -18"><span class='ocrx_word' id='word_1_77' title='bbox 119 1400 223 1470; x_wconf 72' lang='lat' dir='ltr'>Nobis</span> <span class='ocrx_word' id='word_1_78' title='bbox 237 1410 266 1458; x_wconf 90' lang='lat' dir='ltr'>et</span> <span class='ocrx_word' id='word_1_79' title='bbox 286 1417 396 1476; x_wconf 83' lang='lat' dir='ltr'>quaeso</span> <span class='ocrx_word' id='word_1_80' title='bbox 416 1398 575 1459; x_wconf 89' lang='lat' dir='ltr'>identidem</span> <span class='ocrx_word' id='word_1_81' title='bbox 596 1397 795 1476; x_wconf 80' lang='lat' dir='ltr'>circdmspice.</span> <span class='ocrx_word' id='word_1_82' title='bbox 1064 1424 1116 1460; x_wconf 86' lang='lat'>110</span> 
     </span>
     <span class='ocr_line' id='line_1_13' title="bbox 118 1496 1118 1578; baseline 0.003 -21"><span class='ocrx_word' id='word_1_83' title='bbox 118 1506 190 1557; x_wconf 72' lang='grc' dir='ltr'>ΜΕ.</span> <span class='ocrx_word' id='word_1_84' title='bbox 213 1498 312 1577; x_wconf 75' lang='lat' dir='ltr'>(After</span> <span class='ocrx_word' id='word_1_85' title='bbox 325 1499 435 1575; x_wconf 76' lang='lat' dir='ltr'>lookzizg</span> <span class='ocrx_word' id='word_1_86' title='bbox 450 1497 561 1578; x_wconf 85' lang='lat' dir='ltr'><em>round.)</em></span> <span class='ocrx_word' id='word_1_87' title='bbox 581 1496 723 1558; x_wconf 80' lang='lat' dir='ltr'>Auscdlto</span> <span class='ocrx_word' id='word_1_88' title='bbox 744 1499 840 1576; x_wconf 88' lang='lat' dir='ltr'>siquid</span> <span class='ocrx_word' id='word_1_89' title='bbox 861 1501 950 1561; x_wconf 84' lang='lat' dir='ltr'>dicas.</span> <span class='ocrx_word' id='word_1_90' title='bbox 994 1506 1059 1559; x_wconf 81' lang='grc' dir='ltr'>ΟΔ.</span> <span class='ocrx_word' id='word_1_91' title='bbox 1082 1501 1118 1560; x_wconf 87' lang='lat' dir='ltr'>Si</span> 
     </span>
     <span class='ocr_line' id='line_1_14' title="bbox 281 1596 513 1675; baseline 0.004 -20"><span class='ocrx_word' id='word_1_92' title='bbox 281 1596 387 1668; x_wconf 75' lang='lat' dir='ltr'>tacees,</span> <span class='ocrx_word' id='word_1_93' title='bbox 401 1597 513 1675; x_wconf 89' lang='lat' dir='ltr'>loquar.</span> 
     </span>
    </p>

    <p class='ocr_par' dir='ltr' id='par_1_4' title="bbox 118 1687 1117 3228">
     <span class='ocr_line' id='line_1_15' title="bbox 119 1687 935 1775; baseline 0.001 -19"><span class='ocrx_word' id='word_1_94' title='bbox 119 1695 269 1768; x_wconf 72' lang='lat' dir='ltr'>Quoniem</span> <span class='ocrx_word' id='word_1_95' title='bbox 290 1697 437 1773; x_wconf 81' lang='lat' dir='ltr'>proiectus</span> <span class='ocrx_word' id='word_1_96' title='bbox 458 1696 526 1755; x_wconf 84' lang='lat' dir='ltr'>hinc</span> <span class='ocrx_word' id='word_1_97' title='bbox 546 1707 592 1756; x_wconf 92' lang='lat' dir='ltr'>est</span> <span class='ocrx_word' id='word_1_98' title='bbox 611 1716 731 1775; x_wconf 84' lang='lat' dir='ltr'>peregre</span> <span class='ocrx_word' id='word_1_99' title='bbox 752 1687 935 1769; x_wconf 72' lang='lat' dir='ltr'>Chermides,</span> 
     </span>
     <span class='ocr_line' id='line_1_16' title="bbox 119 1792 1116 1868; baseline 0.003 -15"><span class='ocrx_word' id='word_1_100' title='bbox 119 1792 325 1855; x_wconf 84' lang='lat' dir='ltr'>Thensadrum</span> <span class='ocrx_word' id='word_1_101' title='bbox 347 1794 553 1854; x_wconf 76' lang='lat' dir='ltr'>demonstrevit</span> <span class='ocrx_word' id='word_1_102' title='bbox 572 1795 644 1853; x_wconf 91' lang='lat' dir='ltr'><strong>mihi</strong></span> <span class='ocrx_word' id='word_1_103' title='bbox 663 1794 697 1854; x_wconf 90' lang='lat' dir='ltr'>in</span> <span class='ocrx_word' id='word_1_104' title='bbox 715 1795 796 1857; x_wconf 84' lang='lat' dir='ltr'>hisce</span> <span class='ocrx_word' id='word_1_105' title='bbox 817 1796 945 1868; x_wconf 89' lang='lat' dir='ltr'>aedibus,</span> <span class='ocrx_word' id='word_1_106' title='bbox 1054 1800 1116 1856; x_wconf 91' lang='grc'>150</span> 
     </span>
     <span class='ocr_line' id='line_1_17' title="bbox 119 1891 832 1970; baseline 0.006 -20"><span class='ocrx_word' id='word_1_107' title='bbox 119 1892 180 1952; x_wconf 92' lang='lat' dir='ltr'>Hic</span> <span class='ocrx_word' id='word_1_108' title='bbox 200 1894 231 1951; x_wconf 85' lang='lat' dir='ltr'>in</span> <span class='ocrx_word' id='word_1_109' title='bbox 252 1892 382 1951; x_wconf 88' lang='lat' dir='ltr'>conclavi</span> <span class='ocrx_word' id='word_1_110' title='bbox 402 1892 539 1968; x_wconf 81' lang='lat' dir='ltr'>quedam.</span> <span class='ocrx_word' id='word_1_111' title='bbox 561 1892 613 1952; x_wconf 91' lang='lat' dir='ltr'>sed</span> <span class='ocrx_word' id='word_1_112' title='bbox 633 1891 832 1970; x_wconf 80' lang='lat' dir='ltr'>circdmspice.</span> 
     </span>
     <span class='ocr_line' id='line_1_18' title="bbox 119 1991 1114 2072; baseline 0.002 -21"><span class='ocrx_word' id='word_1_113' title='bbox 119 2001 192 2052; x_wconf 77' lang='lat' dir='ltr'>ME.</span> <span class='ocrx_word' id='word_1_114' title='bbox 214 1992 312 2052; x_wconf 86' lang='lat' dir='ltr'>Nemo</span> <span class='ocrx_word' id='word_1_115' title='bbox 326 1994 434 2052; x_wconf 75' lang='lat' dir='ltr'>hicest</span> <span class='ocrx_word' id='word_1_116' title='bbox 456 2000 519 2052; x_wconf 72' lang='grc'>01.</span> <span class='ocrx_word' id='word_1_117' title='bbox 541 1991 703 2051; x_wconf 88' lang='lat' dir='ltr'><strong>Nummum</strong></span> <span class='ocrx_word' id='word_1_118' title='bbox 712 1994 898 2072; x_wconf 87' lang='lat' dir='ltr'>Philippeum</span> <span class='ocrx_word' id='word_1_119' title='bbox 906 1992 945 2052; x_wconf 88' lang='lat' dir='ltr'>ad</span> <span class='ocrx_word' id='word_1_120' title='bbox 958 1993 1114 2053; x_wconf 86' lang='lat' dir='ltr'>triamssia</span> 
     </span>
     <span class='ocr_line' id='line_1_19' title="bbox 119 2089 1117 2169; baseline 0.002 -19"><span class='ocrx_word' id='word_1_121' title='bbox 119 2092 156 2150; x_wconf 93' lang='lat' dir='ltr'>Id</span> <span class='ocrx_word' id='word_1_122' title='bbox 176 2091 256 2151; x_wconf 84' lang='lat' dir='ltr'>selus</span> <span class='ocrx_word' id='word_1_123' title='bbox 276 2091 371 2150; x_wconf 88' lang='lat' dir='ltr'>solum</span> <span class='ocrx_word' id='word_1_124' title='bbox 391 2089 446 2168; x_wconf 88' lang='lat' dir='ltr'>per</span> <span class='ocrx_word' id='word_1_125' title='bbox 465 2090 622 2151; x_wconf 82' lang='lat' dir='ltr'><strong>amicitiam</strong></span> <span class='ocrx_word' id='word_1_126' title='bbox 642 2099 672 2151; x_wconf 95' lang='lat' dir='ltr'>et</span> <span class='ocrx_word' id='word_1_127' title='bbox 691 2090 745 2169; x_wconf 90' lang='lat' dir='ltr'>per</span> <span class='ocrx_word' id='word_1_128' title='bbox 765 2091 855 2151; x_wconf 90' lang='lat' dir='ltr'>fidem</span> <span class='ocrx_word' id='word_1_129' title='bbox 1065 2102 1117 2152; x_wconf 84' lang='lat'>116</span> 
     </span>
     <span class='ocr_line' id='line_1_20' title="bbox 118 2187 868 2265; baseline 0.001 -17"><span class='ocrx_word' id='word_1_130' title='bbox 118 2189 207 2250; x_wconf 88' lang='lat' dir='ltr'>Fiens</span> <span class='ocrx_word' id='word_1_131' title='bbox 226 2207 275 2249; x_wconf 90' lang='lat' dir='ltr'>me</span> <span class='ocrx_word' id='word_1_132' title='bbox 294 2188 456 2249; x_wconf 81' lang='lat' dir='ltr'>ebsecravit</span> <span class='ocrx_word' id='word_1_133' title='bbox 475 2188 528 2249; x_wconf 89' lang='lat' dir='ltr'>su6</span> <span class='ocrx_word' id='word_1_134' title='bbox 549 2207 587 2247; x_wconf 89' lang='lat' dir='ltr'>ne</span> <span class='ocrx_word' id='word_1_135' title='bbox 608 2198 698 2265; x_wconf 83' lang='lat' dir='ltr'>gnato</span> <span class='ocrx_word' id='word_1_136' title='bbox 719 2187 868 2249; x_wconf 90' lang='lat' dir='ltr'>crederem</span> 
     </span>
     <span class='ocr_line' id='line_1_21' title="bbox 119 2285 1115 2365; baseline 0 -18"><span class='ocrx_word' id='word_1_137' title='bbox 119 2289 187 2349; x_wconf 92' lang='lat' dir='ltr'>Neu</span> <span class='ocrx_word' id='word_1_138' title='bbox 208 2289 376 2365; x_wconf 84' lang='lat' dir='ltr'>quoiquam,</span> <span class='ocrx_word' id='word_1_139' title='bbox 390 2285 469 2346; x_wconf 90' lang='lat' dir='ltr'>unde</span> <span class='ocrx_word' id='word_1_140' title='bbox 489 2286 528 2345; x_wconf 88' lang='lat' dir='ltr'>ad</span> <span class='ocrx_word' id='word_1_141' title='bbox 547 2305 616 2346; x_wconf 91' lang='lat' dir='ltr'>eum</span> <span class='ocrx_word' id='word_1_142' title='bbox 635 2286 666 2346; x_wconf 93' lang='lat' dir='ltr'>id</span> <span class='ocrx_word' id='word_1_143' title='bbox 686 2285 787 2364; x_wconf 81' lang='lat' dir='ltr'>pesset</span> <span class='ocrx_word' id='word_1_144' title='bbox 806 2287 1035 2364; x_wconf 74' lang='lat' dir='ltr'>permanescere.</span> <span class='ocrx_word' id='word_1_145' title='bbox 1054 2293 1115 2347; x_wconf 88' lang='grc'>155</span> 
     </span>
     <span class='ocr_line' id='line_1_22' title="bbox 119 2383 980 2455; baseline 0 -11"><span class='ocrx_word' id='word_1_146' title='bbox 119 2386 208 2446; x_wconf 92' lang='lat' dir='ltr'>Nunc</span> <span class='ocrx_word' id='word_1_147' title='bbox 229 2387 255 2446; x_wconf 89' lang='lat' dir='ltr'>si</span> <span class='ocrx_word' id='word_1_148' title='bbox 274 2386 323 2449; x_wconf 90' lang='lat' dir='ltr'>ssle</span> <span class='ocrx_word' id='word_1_149' title='bbox 343 2385 401 2444; x_wconf 88' lang='lat' dir='ltr'>huc</span> <span class='ocrx_word' id='word_1_150' title='bbox 422 2384 516 2443; x_wconf 90' lang='lat' dir='ltr'>salvos</span> <span class='ocrx_word' id='word_1_151' title='bbox 535 2383 651 2455; x_wconf 77' lang='lat' dir='ltr'>revenit,</span> <span class='ocrx_word' id='word_1_152' title='bbox 666 2383 786 2444; x_wconf 86' lang='lat' dir='ltr'>reddam</span> <span class='ocrx_word' id='word_1_153' title='bbox 807 2385 893 2444; x_wconf 85' lang='lat' dir='ltr'>suem</span> <span class='ocrx_word' id='word_1_154' title='bbox 909 2386 980 2445; x_wconf 89' lang='lat' dir='ltr'>sibi:</span> 
     </span>
     <span class='ocr_line' id='line_1_23' title="bbox 120 2480 1116 2560; baseline 0.002 -19"><span class='ocrx_word' id='word_1_155' title='bbox 120 2482 223 2560; x_wconf 88' lang='lat' dir='ltr'>Siquid</span> <span class='ocrx_word' id='word_1_156' title='bbox 243 2502 280 2543; x_wconf 91' lang='lat' dir='ltr'>eo</span> <span class='ocrx_word' id='word_1_157' title='bbox 301 2483 394 2554; x_wconf 88' lang='lat' dir='ltr'>suerit,</span> <span class='ocrx_word' id='word_1_158' title='bbox 408 2480 484 2541; x_wconf 90' lang='lat' dir='ltr'>certe</span> <span class='ocrx_word' id='word_1_159' title='bbox 504 2482 578 2540; x_wconf 90' lang='lat' dir='ltr'>illius</span> <span class='ocrx_word' id='word_1_160' title='bbox 598 2481 674 2540; x_wconf 85' lang='lat' dir='ltr'>filiae</span> <span class='ocrx_word' id='word_1_161' title='bbox 1066 2507 1116 2543; x_wconf 81' lang='lat'>120</span> 
     </span>
     <span class='ocr_line' id='line_1_24' title="bbox 120 2577 958 2652; baseline 0.001 -14"><span class='ocrx_word' id='word_1_162' title='bbox 120 2579 205 2651; x_wconf 89' lang='lat' dir='ltr'>Quae</span> <span class='ocrx_word' id='word_1_163' title='bbox 225 2581 298 2639; x_wconf 87' lang='lat' dir='ltr'>mihi</span> <span class='ocrx_word' id='word_1_164' title='bbox 317 2581 482 2639; x_wconf 88' lang='lat' dir='ltr'>mandatast</span> <span class='ocrx_word' id='word_1_165' title='bbox 502 2578 597 2638; x_wconf 73' lang='lat' dir='ltr'>hebeo</span> <span class='ocrx_word' id='word_1_166' title='bbox 618 2578 718 2638; x_wconf 89' lang='lat' dir='ltr'>dotem</span> <span class='ocrx_word' id='word_1_167' title='bbox 738 2580 767 2637; x_wconf 75' lang='lat' dir='ltr'>ei</span> <span class='ocrx_word' id='word_1_168' title='bbox 781 2577 860 2641; x_wconf 80' lang='lat' dir='ltr'>unde</span> <span class='ocrx_word' id='word_1_169' title='bbox 880 2582 958 2652; x_wconf 90' lang='lat' dir='ltr'>dem,</span> 
     </span>
     <span class='ocr_line' id='line_1_25' title="bbox 119 2670 905 2753; baseline 0.006 -21"><span class='ocrx_word' id='word_1_170' title='bbox 119 2676 161 2735; x_wconf 94' lang='lat' dir='ltr'>Vt</span> <span class='ocrx_word' id='word_1_171' title='bbox 181 2695 246 2737; x_wconf 90' lang='lat' dir='ltr'>eam</span> <span class='ocrx_word' id='word_1_172' title='bbox 268 2679 299 2736; x_wconf 87' lang='lat' dir='ltr'>in</span> <span class='ocrx_word' id='word_1_173' title='bbox 320 2697 352 2738; x_wconf 92' lang='lat' dir='ltr'>se</span> <span class='ocrx_word' id='word_1_174' title='bbox 374 2670 494 2753; x_wconf 86' lang='lat' dir='ltr'><strong>dignam</strong></span> <span class='ocrx_word' id='word_1_175' title='bbox 515 2676 721 2735; x_wconf 86' lang='lat' dir='ltr'>cendicionem</span> <span class='ocrx_word' id='word_1_176' title='bbox 741 2677 905 2737; x_wconf 81' lang='lat' dir='ltr'>cenlocem.</span> 
     </span>
     <span class='ocr_line' id='line_1_26' title="bbox 118 2774 1115 2853; baseline 0.003 -19"><span class='ocrx_word' id='word_1_177' title='bbox 118 2783 190 2834; x_wconf 72' lang='lat' dir='ltr'>Mu,</span> <span class='ocrx_word' id='word_1_178' title='bbox 212 2777 269 2835; x_wconf 92' lang='lat' dir='ltr'>Pro</span> <span class='ocrx_word' id='word_1_179' title='bbox 291 2776 319 2834; x_wconf 93' lang='lat' dir='ltr'>di</span> <span class='ocrx_word' id='word_1_180' title='bbox 340 2776 517 2846; x_wconf 87' lang='lat' dir='ltr'>inmortales,</span> <span class='ocrx_word' id='word_1_181' title='bbox 531 2774 626 2834; x_wconf 87' lang='lat' dir='ltr'>verbis</span> <span class='ocrx_word' id='word_1_182' title='bbox 646 2776 747 2851; x_wconf 83' lang='lat' dir='ltr'>paucis</span> <span class='ocrx_word' id='word_1_183' title='bbox 767 2775 856 2853; x_wconf 71' lang='lat' dir='ltr'>quem</span> <span class='ocrx_word' id='word_1_184' title='bbox 876 2777 935 2836; x_wconf 91' lang='lat' dir='ltr'>cito</span> <span class='ocrx_word' id='word_1_185' title='bbox 1056 2782 1115 2838; x_wconf 88' lang='grc'>160</span> 
     </span>
     <span class='ocr_line' id='line_1_27' title="bbox 118 2871 778 2934; baseline 0 -1"><span class='ocrx_word' id='word_1_186' title='bbox 118 2874 217 2934; x_wconf 81' lang='lat' dir='ltr'>Alium</span> <span class='ocrx_word' id='word_1_187' title='bbox 237 2874 328 2934; x_wconf 85' lang='lat' dir='ltr'>fecisti</span> <span class='ocrx_word' id='word_1_188' title='bbox 348 2892 414 2933; x_wconf 85' lang='lat' dir='ltr'>me:</span> <span class='ocrx_word' id='word_1_189' title='bbox 435 2873 507 2933; x_wconf 79' lang='lat' dir='ltr'>elius</span> <span class='ocrx_word' id='word_1_190' title='bbox 528 2871 566 2932; x_wconf 90' lang='lat' dir='ltr'>ad</span> <span class='ocrx_word' id='word_1_191' title='bbox 585 2882 615 2931; x_wconf 90' lang='lat' dir='ltr'>te</span> <span class='ocrx_word' id='word_1_192' title='bbox 635 2873 778 2933; x_wconf 87' lang='lat' dir='ltr'>veneram.</span> 
     </span>
     <span class='ocr_line' id='line_1_28' title="bbox 120 2970 1114 3050; baseline 0 -18"><span class='ocrx_word' id='word_1_193' title='bbox 120 2974 180 3032; x_wconf 92' lang='lat' dir='ltr'>Sed</span> <span class='ocrx_word' id='word_1_194' title='bbox 199 2982 232 3032; x_wconf 92' lang='lat' dir='ltr'>ut</span> <span class='ocrx_word' id='word_1_195' title='bbox 251 2972 399 3050; x_wconf 83' lang='lat' dir='ltr'>decepisti,</span> <span class='ocrx_word' id='word_1_196' title='bbox 413 2971 502 3049; x_wconf 84' lang='lat' dir='ltr'>perge</span> <span class='ocrx_word' id='word_1_197' title='bbox 523 2989 610 3048; x_wconf 91' lang='lat' dir='ltr'>porro</span> <span class='ocrx_word' id='word_1_198' title='bbox 631 2970 775 3049; x_wconf 84' lang='lat' dir='ltr'>preloqui.</span> <span class='ocrx_word' id='word_1_199' title='bbox 800 3020 803 3024; x_wconf 63' lang='grc'><strong>,</strong></span> <span class='ocrx_word' id='word_1_200' title='bbox 1067 2995 1114 3047; x_wconf 80' lang='lat'>125</span> 
     </span>
     <span class='ocr_line' id='line_1_29' title="bbox 120 3068 933 3147; baseline -0.002 -16"><span class='ocrx_word' id='word_1_201' title='bbox 120 3079 182 3131; x_wconf 80' lang='lat' dir='ltr'>cA.</span> <span class='ocrx_word' id='word_1_202' title='bbox 206 3071 286 3143; x_wconf 88' lang='lat' dir='ltr'>Quid</span> <span class='ocrx_word' id='word_1_203' title='bbox 307 3070 360 3129; x_wconf 85' lang='lat' dir='ltr'>tibi</span> <span class='ocrx_word' id='word_1_204' title='bbox 380 3088 437 3146; x_wconf 86' lang='lat' dir='ltr'>ego</span> <span class='ocrx_word' id='word_1_205' title='bbox 458 3070 575 3128; x_wconf 88' lang='lat' dir='ltr'>dicam?</span> <span class='ocrx_word' id='word_1_206' title='bbox 594 3071 645 3146; x_wconf 91' lang='lat' dir='ltr'>qui</span> <span class='ocrx_word' id='word_1_207' title='bbox 665 3070 741 3130; x_wconf 85' lang='lat' dir='ltr'>illius</span> <span class='ocrx_word' id='word_1_208' title='bbox 762 3068 933 3147; x_wconf 74' lang='lat' dir='ltr'>sapientiam</span> 
     </span>
     <span class='ocr_line' id='line_1_30' title="bbox 120 3167 748 3228; baseline 0.002 -1"><span class='ocrx_word' id='word_1_209' title='bbox 120 3169 160 3227; x_wconf 90' lang='lat' dir='ltr'>Et</span> <span class='ocrx_word' id='word_1_210' title='bbox 180 3169 276 3228; x_wconf 69' lang='lat' dir='ltr'>meem</span> <span class='ocrx_word' id='word_1_211' title='bbox 297 3167 463 3228; x_wconf 78' lang='lat' dir='ltr'>fidelitetem</span> <span class='ocrx_word' id='word_1_212' title='bbox 484 3178 514 3228; x_wconf 89' lang='lat' dir='ltr'>et</span> <span class='ocrx_word' id='word_1_213' title='bbox 534 3167 627 3227; x_wconf 87' lang='lat' dir='ltr'>celata</span> <span class='ocrx_word' id='word_1_214' title='bbox 649 3167 748 3228; x_wconf 80' lang='lat' dir='ltr'>emnia</span> 
     </span>
    </p>

    <p class='ocr_par' dir='ltr' id='par_1_5' title="bbox 33 3263 1116 3440">
     <span class='ocr_line' id='line_1_31' title="bbox 33 3263 1115 3343; baseline 0.002 -17"><span class='ocrx_word' id='word_1_215' title='bbox 33 3272 36 3277; x_wconf 88' lang='grc'><strong>’</strong></span> <span class='ocrx_word' id='word_1_216' title='bbox 120 3267 217 3326; x_wconf 89' lang='lat' dir='ltr'>Paene</span> <span class='ocrx_word' id='word_1_217' title='bbox 238 3267 284 3325; x_wconf 89' lang='lat' dir='ltr'>ssle</span> <span class='ocrx_word' id='word_1_218' title='bbox 304 3268 426 3342; x_wconf 85' lang='lat' dir='ltr'>ignavos</span> <span class='ocrx_word' id='word_1_219' title='bbox 447 3264 576 3325; x_wconf 78' lang='lat' dir='ltr'>funditus</span> <span class='ocrx_word' id='word_1_220' title='bbox 595 3263 715 3343; x_wconf 79' lang='lat' dir='ltr'>pessum</span> <span class='ocrx_word' id='word_1_221' title='bbox 735 3265 824 3326; x_wconf 78' lang='lat' dir='ltr'>dedit</span> <span class='ocrx_word' id='word_1_222' title='bbox 1055 3270 1115 3329; x_wconf 81' lang='grc'>165</span> 
     </span>
     <span class='ocr_line' id='line_1_32' title="bbox 112 3360 1116 3440; baseline 0.002 -17"><span class='ocrx_word' id='word_1_223' title='bbox 112 3372 187 3423; x_wconf 61' lang='lat' dir='ltr'>mi.</span> <span class='ocrx_word' id='word_1_224' title='bbox 212 3361 364 3436; x_wconf 82' lang='lat' dir='ltr'>Quidrim?</span> <span class='ocrx_word' id='word_1_225' title='bbox 400 3371 462 3424; x_wconf 74' lang='grc' dir='ltr'>ΟΔ.</span> <span class='ocrx_word' id='word_1_226' title='bbox 477 3363 565 3438; x_wconf 90' lang='lat' dir='ltr'>Quia,</span> <span class='ocrx_word' id='word_1_227' title='bbox 578 3360 872 3440; x_wconf 74' lang='lat' dir='ltr'>ruriddmsumego</span> <span class='ocrx_word' id='word_1_228' title='bbox 885 3382 963 3425; x_wconf 84' lang='lat' dir='ltr'>unos</span> <span class='ocrx_word' id='word_1_229' title='bbox 976 3363 1029 3425; x_wconf 78' lang='lat' dir='ltr'>sex</span> <span class='ocrx_word' id='word_1_230' title='bbox 1042 3364 1116 3439; x_wconf 79' lang='lat' dir='ltr'>dies,</span> 
     </span>
    </p>

    <p class='ocr_par' dir='ltr' id='par_1_6' title="bbox 89 3456 1134 3545">
     <span class='ocr_line' id='line_1_33' title="bbox 89 3456 1134 3545; baseline 0.001 -31"><span class='ocrx_word' id='word_1_231' title='bbox 89 3456 151 3517; x_wconf 81' lang='lat' dir='ltr'>Me</span> <span class='ocrx_word' id='word_1_232' title='bbox 169 3461 299 3524; x_wconf 82' lang='lat' dir='ltr'>absente</span> <span class='ocrx_word' id='word_1_233' title='bbox 319 3474 412 3545; x_wconf 83' lang='lat' dir='ltr'>atque</span> <span class='ocrx_word' id='word_1_234' title='bbox 434 3463 595 3537; x_wconf 72' lang='lat' dir='ltr'>insciente,</span> <span class='ocrx_word' id='word_1_235' title='bbox 610 3458 787 3524; x_wconf 75' lang='lat' dir='ltr'>inconsuitia</span> <span class='ocrx_word' id='word_1_236' title='bbox 803 3477 888 3529; x_wconf 77' lang='lat' dir='ltr'>meo,</span> <span class='ocrx_word' id='word_1_237' title='bbox 1079 3478 1134 3527; x_wconf 59' lang='lat' dir='ltr'>aas</span> 
     </span>
    </p>
   </div>
   <div class='ocr_carea' id='block_1_4' title="bbox 0 0 1204 3802">
    <p class='ocr_par' dir='ltr' id='par_1_7' title="bbox 0 0 1204 3802">
     <span class='ocr_line' id='line_1_34' title="bbox 0 0 1204 3802; baseline 0 0"><span class='ocrx_word' id='word_1_238' title='bbox 0 0 1204 3802; x_wconf 95' lang='lat' dir='ltr'> </span> 
     </span>
    </p>
   </div>
   <div class='ocr_carea' id='block_1_5' title="bbox 10 3742 60 3761">
    <p class='ocr_par' dir='ltr' id='par_1_8' title="bbox 10 3742 60 3761">
     <span class='ocr_line' id='line_1_35' title="bbox 10 3742 60 3761; baseline 0 0"><span class='ocrx_word' id='word_1_239' title='bbox 10 3742 60 3761; x_wconf 73' lang='grc' dir='ltr'>-ιι-</span> 
     </span>
    </p>
   </div>
  </div>
 </body>
</html>
