2400 3802
72 266 78 277 ·
110 269 136 321 1.
148 271 172 321 r.
183 269 272 338 oe„
482 264 770 323 TRINVMMVS.·
1088 275 1105 340 7

109 430 186 482 ME.
207 425 311 485 Fuitne
330 425 378 486 hic
390 427 442 486 tibi
464 430 574 488 amicus
594 427 785 488 Chermides?
828 435 891 490 CA.
912 429 966 490 Est
986 429 1016 489 et
1037 430 1096 489 fuit.

110 522 152 580 Id
172 522 211 581 ita
231 523 296 583 esse
315 534 348 584 ut
368 526 477 597 credas,
491 525 554 585 rem
573 526 625 584 tibi
647 525 795 586 auctorem
817 527 903 586 dabo.
1073 549 1105 600 70

111 618 193 678 Nam
213 622 370 700 pestquam
390 623 438 684 hic
458 625 521 684 eius
541 623 603 683 rem
623 622 767 700 confregit
787 624 866 683 fssius·

109 716 261 799 Videtque
281 722 344 798 ipse
364 722 404 782 ad
423 721 595 800 pauperiem
614 731 789 798 prostratum
811 721 875 781 esse
897 742 928 782 se

111 815 263 896 Suemque
283 819 371 878 filiam
392 819 457 880 esse
478 821 605 880 adultam
625 820 777 897 virginem,
1047 826 1105 880 110

111 912 208 995 Simul
227 915 288 976 eius
307 928 430 976 matrem
452 918 593 995 suemque
612 936 734 977 uxorem
755 917 917 977 mertuam:

109 1009 263 1082 Quoniam
283 1014 354 1074 hinc
374 1017 477 1075 iturust
496 1017 577 1092 ipsus
596 1017 626 1073 in
648 1012 818 1086 Seiericiam,
1074 1036 1103 1090 75

110 1108 188 1167 Mihi
207 1110 414 1172 conmendavit
433 1114 573 1190 virginem
595 1113 712 1190 gnatem
734 1131 817 1172 suam

108 1205 152 1265 Et
172 1207 232 1291 rem
254 1206 338 1268 suam
358 1229 479 1270 omnem
499 1220 529 1269 et
548 1208 629 1269 illum
649 1221 816 1287 corruptum
837 1211 936 1271 filium.

111 1303 207 1377 Haec,
222 1305 248 1365 si
269 1308 310 1366 mi
330 1308 464 1366 inimicus
484 1307 568 1378 esset,
583 1310 671 1368 credo
693 1308 749 1367 hau
769 1308 906 1368 crederet.
1046 1314 1102 1369 115

110 1411 184 1462 ΜΕ.
212 1404 292 1478 Quid
318 1417 349 1466 tu
377 1405 590 1466 §dulescentem
611 1406 698 1483 quem
719 1425 786 1475 esse
804 1404 971 1483 corruptiim
993 1407 1081 1479 vides,

111 1499 172 1573 Qui
194 1503 260 1562 tuae
281 1505 437 1564 mandatus
456 1503 500 1563 est
521 1504 578 1563 tide
599 1515 627 1563 et
648 1501 779 1576 fiduiciae‚
1071 1516 1104 1564 80

110 1597 192 1671 Quin
213 1598 281 1659 erim
301 1603 443 1660 restituis?
466 1604 537 1679 quin
560 1602 598 1660 ad
618 1601 731 1678 frugem
753 1601 900 1679 c6nrigis?

109 1697 148 1754 Ei
169 1699 209 1757 rei
230 1698 350 1774 eperam
371 1701 440 1759 dare
460 1710 490 1759 te
510 1698 601 1758 fderat
621 1700 769 1778 aliquanto
790 1694 920 1778 aequius,

111 1795 196 1872 Siqui
215 1798 382 1874 probiorem
402 1796 498 1857 iecere
517 1815 629 1874 possea,
644 1798 705 1856 n6n
726 1798 767 1856 uti
1044 1804 1101 1860 120

109 1893 149 1951 In
170 1893 293 1954 efindem
314 1906 374 1956 tute
394 1897 548 1956 accederes
568 1895 718 1956 insemiam

109 1990 281 2070 Maluimque
301 2006 333 2052 ut
353 1996 416 2053 eius
437 1993 505 2054 crim
525 2006 577 2054 tuo
598 1993 734 2054 misceres
754 1994 841 2054 malo.
1069 2009 1101 2069 85

110 2096 178 2146 0A.·
197 2089 278 2164 Quid
305 2089 380 2150 ieci?
421 2099 493 2151 md.
523 2090 613 2164 Quod
639 2091 729 2151 homo
757 2093 890 2169 nequam.
939 2100 1001 2153 CA.
1031 2092 1102 2152 Non

273 2187 347 2249 istfie
368 2201 503 2250 meumst.
711 2172 715 2184 ¹

107 2293 181 2345 Md.
202 2287 327 2347 Emistin
349 2289 386 2349 de
406 2287 591 2350 adulescente
612 2288 700 2348 hasce
720 2288 819 2348 aedis?
840 2288 911 2365 quid
931 2291 1029 2348 taces?

108 2383 168 2442 Vbi
183 2382 262 2444 ndnc
275 2396 337 2445 tute
350 2386 473 2446 habitas.
508 2394 571 2447 cA.
593 2370 662 2444 Emi
675 2396 762 2464 atque
776 2375 928 2462 argentim
943 2387 1017 2458 dedi,
1043 2390 1100 2447 125

108 2477 208 2541 Mines
229 2486 429 2563 quadraginta,
444 2485 626 2545 edulescenti
643 2486 697 2561 ipsi
719 2486 750 2543 in
770 2502 899 2544 manum.

107 2585 180 2638 mu.
202 2582 314 2642 Dedisti
329 2586 501 2661 argentum?
536 2592 599 2644 od„
620 2583 749 2654 Merum,
764 2601 859 2659 neque
873 2583 943 2642 facti
956 2583 1041 2660 piget.
1067 2609 1100 2658 90

106 2685 180 2737 Mn.
200 2678 316 2757 Edepel
336 2682 393 2741 fide
414 2681 630 2741 adulescentem
650 2678 820 2739 mandatfim
841 2680 950 2740 malaet

106 2775 262 2836 Dedistine
282 2778 340 2839 hoc
360 2779 438 2838 facto
459 2781 486 2839 ei
507 2780 637 2856 gladium
658 2780 708 2856 qui
729 2796 761 2837 se
781 2779 945 2839 occideret?

106 2872 189 2944 Quid
210 2876 295 2936 secus
316 2887 361 2937 est
381 2888 431 2937 aut
451 2879 521 2954 quid
542 2879 668 2949 interest,
682 2877 751 2935 dare
770 2886 799 2935 te
819 2877 849 2934 in
870 2895 974 2936 manus
1041 2881 1097 2936 130

105 2973 272 3049 Argentum
293 2977 401 3034 amanti
422 2975 534 3035 homini
555 2975 743 3044 edulescenti,
757 2975 846 3033 animi
867 2975 972 3050 inpoti‚

105 3071 168 3144 Qui
188 3073 390 3132 exaedificaret
410 3092 493 3132 suam
514 3072 679 3132 inchoatam
699 3070 863 3149 igneviam?
1063 3097 1095 3146 95

105 3176 171 3229 ΟΔ.
193 3168 264 3229 Non
277 3170 335 3246 ego
349 3171 388 3229 illi
400 3181 556 3247 argentum
568 3170 738 3229 redderem?
772 3175 844 3226 ΜΕ.
866 3168 936 3227 Non
951 3167 1095 3239 redderes

104 3267 213 3344 Neque
233 3267 270 3326 de
289 3268 340 3326 illo
361 3268 516 3345 quicquam
537 3267 632 3343 neque
653 3284 763 3326 emeres
784 3283 878 3343 neque
899 3266 1039 3325 venderes

104 3363 172 3424 Nec
192 3365 244 3442 qui
263 3365 386 3424 deterior
404 3364 482 3425 esset
501 3364 614 3426 faceres
635 3364 764 3446 cepiam.
1046 3368 1115 3418 We

91 3459 330 3521 Incencilrastine
350 3459 420 3524 etim
442 3466 496 3545 qui
517 3467 700 3531 mandatist
719 3467 795 3531 tibi?
