2400 3802
160 271 201 316 20
580 263 741 319 narrar
980 277 1016 328 11,
1029 280 1052 329 4,
1066 278 1159 343 Μ

158 424 188 484 Is
208 424 330 486 herclest
350 428 439 505 ipsus.
481 435 537 487 SE.
558 411 672 507 Edepol
693 449 730 488 ne
752 449 808 508 ego
829 429 917 490 istrim
938 430 1024 490 velim

157 524 260 584 Meum
280 525 343 585 sieri
364 544 478 585 servom
499 526 567 586 crim
587 547 642 587 suo
663 527 786 606 peculio.

157 629 225 682 PH.
246 623 337 682 Erum
357 623 443 702 itque
464 643 578 685 servom
599 626 764 703 plurumum
785 627 880 686 Philto
902 629 983 687 iubet
1093 634 1159 690 435

159 719 281 792 Salvere,
297 722 493 781 Lesbonicum
515 735 543 782 et
565 724 730 784 Stasimum.
771 733 836 784 LE.
856 726 898 784 Di
920 727 1001 785 duint
1124 749 1158 800 35

157 817 234 890 Tibi,
249 819 352 890 Philto,
368 838 591 898 quaequomque
612 821 704 898 optes.
734 824 804 898 quid
825 825 884 899 agit
904 823 999 882 filius?

156 923 225 974 PH.
247 917 329 976 Bene
349 919 409 977 volt
429 919 488 977 tibi.
529 926 591 977 LE.
613 919 727 997 Edepol
748 918 881 979 mutuom
901 919 1018 979 mecum
1039 921 1118 983 facit.

156 1022 211 1073 SE.
239 1014 360 1095 (Aside.)
388 1016 524 1094 Nequam
549 1018 619 1076 iliud
642 1020 789 1076 verbumst
811 1017 903 1077 ‘bene
924 1019 999 1090 volt,'
1021 1020 1078 1079 nisi
1102 1023 1158 1098 qui

316 1114 488 1174 benefacit.

154 1210 221 1287 Ego
243 1211 361 1288 quoque
381 1213 448 1272 volo
469 1231 534 1272 esse
554 1213 643 1273 liber:
671 1212 848 1292 nequiquam
869 1214 944 1274 volo.
1091 1220 1158 1279 440

155 1307 215 1368 Hic
237 1309 362 1385 postulet
383 1310 457 1386 frugi
477 1310 560 1370 esse:
590 1329 682 1387 nugas
703 1312 838 1386 postulet.
1119 1338 1158 1389 40

154 1413 222 1466 PH.
245 1407 332 1466 Meus
353 1407 459 1484 gnitus
479 1427 528 1467 me
548 1408 586 1467 ad
606 1419 635 1467 te
656 1409 741 1477 misit,
756 1410 831 1468 inter
851 1419 880 1468 te
901 1407 988 1486 atque
1008 1427 1065 1468 nos

153 1504 342 1563 Adfinitatem
362 1515 394 1563 ut
414 1506 599 1564 conciliarem
620 1516 649 1565 et
669 1505 798 1583 gratiam.

154 1601 252 1661 Tuam
273 1604 332 1662 volt
353 1623 482 1664 sororem
505 1602 609 1662 ducere
629 1622 770 1663 uxorem:
799 1603 919 1663 etmihi

154 1700 302 1760 Sententia
322 1703 453 1761 eademst
473 1700 502 1761 et
522 1702 597 1760 volo.
638 1709 702 1760 LE.
724 1701 795 1759 Hau
816 1703 908 1761 nosco
929 1713 1029 1764 tuom:
1088 1711 1154 1767 445

151 1796 245 1857 Bonis
265 1800 322 1858 tuis
343 1802 429 1858 rebus
449 1798 531 1859 mets
552 1818 598 1858 res
619 1799 726 1858 inrides
747 1801 846 1859 malas.
1115 1829 1152 1880 45

151 1902 219 1955 PH.
241 1895 344 1956 Homo
364 1897 420 1973 ego
443 1916 516 1968 sum,
537 1908 568 1955 tu
588 1895 717 1956 homo's:
744 1897 785 1955 ita
805 1915 853 1955 me
876 1898 984 1956 amabit
1005 1895 1151 1977 Iuppiter,

151 1992 256 2070 Neque
277 1994 306 2053 te
328 1995 453 2054 derisum
475 1995 597 2054 advenio
619 2013 714 2070 neque
735 1992 855 2069 dignrim
877 2004 958 2071 puto.

150 2091 261 2150 Verum
281 2091 338 2151 hoc
359 2093 439 2169 quod
460 2093 519 2150 dixi
539 2091 623 2150 meus
643 2110 692 2150 me
712 2092 802 2150 oravit
823 2092 906 2162 filino,

149 2189 190 2247 Vt
209 2189 290 2249 tuam
312 2208 441 2249 sororem
463 2190 614 2267 poscerem
634 2191 757 2247 uxorem
777 2190 841 2248 sibi.
1084 2198 1150 2256 450

147 2293 211 2346 LE.
233 2285 366 2347 Mearum
387 2307 435 2347 me
455 2307 550 2347 rerum
570 2288 686 2346 novisse
707 2297 860 2362 aequomst
880 2286 1019 2347 ordinem.
1112 2315 1151 2365 50

150 2385 226 2446 Cum
246 2387 347 2446 vostris
368 2397 466 2446 nostra
486 2387 547 2445 non
568 2395 612 2444 est
631 2404 724 2462 aequa
745 2384 849 2445 factio:

148 2485 337 2544 Adfinitatem
357 2484 440 2543 vobis
460 2485 544 2542 aliam
566 2482 701 2559 quaerite.

149 2589 204 2641 SE.
226 2582 307 2641 SatIn
327 2591 359 2641 tu
379 2580 475 2641 sanu's
496 2581 601 2639 mentis
623 2591 672 2640 aut
693 2581 784 2640 animi
804 2580 853 2652 tui,

149 2679 209 2751 Qui
229 2680 433 2739 condicionem
454 2679 529 2738 hanc
550 2679 705 2755 repudies?
733 2698 802 2736 nam
823 2677 904 2738 illum
922 2679 974 2740 tibi
1082 2685 1148 2743 455

147 2777 345 2836 Ferentinum
366 2797 430 2837 esse
452 2779 579 2836 amicum
600 2778 749 2835 inventum
770 2776 915 2852 intellego.
1110 2802 1147 2855 55

27 2865 30 2873 ¹
146 2883 208 2934 LE.
234 2877 313 2934 Abin
326 2876 395 2936 hinc
409 2876 554 2934 dierecte?
596 2883 652 2934 SE.
675 2874 705 2932 Si
719 2872 815 2933 hercle
829 2875 870 2932 ire
884 2871 1037 2949 occipiim,
1048 2884 1147 2938 votes.

145 2981 208 3032 LE.
230 2974 294 3033 Nisi
315 2993 363 3032 me
384 2973 460 3032 aliud
481 2975 551 3050 quid
570 2975 621 3045 viS,
637 2974 740 3043 Philto,
755 2971 895 3049 respondi
913 2970 975 3032 tibi.

146 3078 214 3130 PH.
235 3072 448 3148 Benigniorem,
463 3073 634 3141 Lesbonice
649 3070 677 3128 te
698 3071 778 3140 mihi,

146 3169 244 3242 Quam
265 3169 342 3228 nunc
363 3171 495 3247 ear-perior
518 3170 589 3240 esse,
605 3168 722 3228 confido
743 3168 823 3227 fore:
1079 3174 1154 3235 teo·
1188 3222 1194 3255 .:

145 3267 224 3326 Nam
245 3277 274 3327 et
293 3267 377 3326 stulte
398 3268 493 3327 facere
514 3279 543 3326 et
563 3265 647 3326 strilte
668 3266 828 3338 fabularier,
1043 3330 1046 3334 ‚
1108 3274 1194 3343 60}

138 3363 307 3439 Wrquue
322 3366 548 3437 Lesbonice,1n
570 3375 617 3425 aet
605 3375 664 3424 tate
684 3362 744 3422 bau
762 3365 912 3424 bonumst
1137 3368 1194 3487 q·

106 3460 167 3513 ΒΤ.
192 3459 305 3520 Verum
320 3463 492 3526 nerctehic
508 3465 591 3527 dicit.
627 3471 695 3524 LE.
710 3446 845 3522 (tentum
862 3477 921 3534 ego
938 3460 1194 3539 ebodmmffl.

992 3526 1194 3695 qm
