2354 3794
99 284 139 329 10
511 275 592 330 PLA
600 273 673 333 VT!
899 287 922 339 1.
935 289 1020 354 2159

96 435 155 495 Sed
176 433 246 511 quid
260 435 311 505 ais,
322 435 391 512 quid
402 454 481 495 nunc
492 438 594 514 virgo?
609 455 716 514 nempe
727 437 805 514 apud
819 435 895 497 test?
926 446 989 498 OA„
1010 439 1021 497 1

95 531 239 609 luxteque
258 551 324 592 eam
345 552 416 593 curo
436 532 503 594 cum
524 552 598 594 mea.
640 542 712 594 ml.
735 535 827 595 Recte
847 535 926 595 sacis.

95 637 158 689 ΟΔ.
180 630 330 709 Numquid
344 632 423 708 prius
437 651 526 710 quam
540 634 615 691 abeo
628 632 677 692 me
690 631 868 710 rogamrd’si
909 641 982 692 ME.
1004 635 1021 690 i

748 730 839 812 (Exn
854 731 1006 811 Callicles.)

94 827 173 886 Nihil
194 827 238 888 est
258 829 389 906 proiecto
411 828 524 890 stultius
545 849 641 908 neque
662 830 794 890 stelidius

95 921 214 1006 [Neque
234 927 467 988 mendacilocum
488 928 584 1007 neque
605 929 680 988 adeo
701 927 835 1005 argutrim
855 924 964 1010 magis]

94 1022 198 1100 Neque
219 1024 490 1104 cenfidentilequius
511 1045 606 1104 neque
627 1024 767 1104 peridrius

94 1121 192 1193 Quam
212 1122 314 1182 urbeni
335 1124 449 1184 adsidui
469 1125 556 1194 cives,
571 1142 646 1200 quos
667 1123 780 1183 scurres
799 1134 914 1183 vocant

92 1220 188 1297 Atque
209 1220 327 1297 egomet
347 1240 395 1281 me
415 1223 491 1281 adeo
511 1208 579 1281 cerm
599 1221 654 1281 illis
674 1241 733 1281 una
752 1222 861 1281 ibidem
882 1220 986 1282 traho:

92 1316 152 1390 Qui
172 1317 287 1377 illerum
308 1321 402 1378 verbis
423 1320 502 1379 selsis
523 1319 660 1396 acceptor
681 1319 729 1392 lui,
943 1316 950 1327 '

92 1414 151 1488 Qui
171 1418 271 1475 omnia
292 1435 324 1476 se
345 1418 481 1476 simulant
502 1419 577 1477 scire
598 1436 693 1494 neque
713 1416 870 1495 quicquem
892 1418 995 1476 sciunt.

92 1512 182 1586 Quod
203 1514 325 1591 qulsque
345 1516 377 1573 in
398 1516 497 1574 animo
518 1515 606 1574 habet
626 1527 675 1574 aut
694 1513 865 1586 habiturust,
881 1515 994 1574 sciunt:

92 1608 192 1672 Sciunt
212 1613 283 1688 quid
302 1614 333 1670 in
354 1630 454 1671 aurem
475 1612 527 1672 rex
547 1614 665 1690 reginae
685 1613 803 1672 dixerit:

92 1709 192 1770 Sciunt
212 1709 291 1786 quod
311 1711 387 1770 Iuno
407 1711 559 1772 iebulatast
579 1710 648 1771 crim
669 1711 756 1771 Iove:

90 1803 189 1889 [Quae
210 1808 305 1885 neque
327 1808 421 1868 lutura
443 1809 539 1886 neque
559 1821 635 1880 sunt,
650 1819 749 1869 tamen
770 1809 811 1868 illi
831 1804 949 1892 sciunt]

89 1906 214 1965 Falsene
236 1925 274 1965 an
294 1924 363 1965 vero
383 1904 510 1977 laedent,
525 1909 643 1986 culpent
663 1909 751 1985 quem
772 1908 867 1981 velint,

91 2003 162 2064 Non
182 2005 265 2064 flocci
286 2004 402 2074 faciunt,
424 2003 495 2063 dum
515 2005 584 2064 illud
605 2006 686 2082 quod
707 2004 804 2066 lubeet
826 2008 926 2066 sciant.

91 2102 204 2163 Omnes
224 2103 361 2162 mortales
381 2099 460 2161 hcine
480 2104 596 2163 aiebant
616 2103 765 2164 Calliclem

91 2201 251 2278 Indignum
271 2199 384 2259 civitate
403 2219 438 2259 ac
459 2219 523 2261 sese
544 2202 647 2274 viuere,

90 2299 181 2359 Bonis
202 2301 252 2376 qui
273 2299 352 2358 hunc
372 2299 587 2358 adulescentem
608 2299 758 2360 evortisset
778 2301 846 2361 suis.

86 2390 156 2475 Ego
178 2400 214 2458 de
235 2398 336 2458 cerum
358 2397 451 2456 verbis
471 2397 707 2473 famigeratorum
729 2399 857 2458 insciens

91 2495 213 2579 Prosssui
234 2496 360 2554 amicum
381 2493 552 2569 castigatum
574 2494 735 2555 innexium.

91 2592 188 2664 Quod'
201 2592 226 2650 si
245 2590 407 2669 exquiratur
427 2589 520 2666 risque
541 2593 578 2649 ab
599 2593 687 2668 stirpe
708 2592 871 2660 aucteritas,

91 2689 176 2748 Vnde
197 2690 324 2765 quidque
344 2688 474 2748 auditum
495 2688 609 2748 dicant:
630 2690 684 2747 nisi
705 2690 735 2748 id
756 2688 902 2766 adpereat,

91 2787 296 2862 Famigeratori
315 2784 361 2844 res
382 2786 418 2843 sit
439 2802 506 2843 cum
527 2784 636 2843 damno
658 2784 687 2844 et
708 2786 804 2845 malo:

91 2885 160 2943 Hoc
179 2884 219 2942 ita
238 2883 264 2942 si
284 2883 341 2954 fiat,
358 2881 474 2959 pdblico
496 2880 546 2940 fiet
565 2883 654 2942 bono.

91 2982 181 3040 Pauci
200 2982 257 3040 sint
276 2980 364 3038 faxim
385 2981 436 3055 qui
457 2981 549 3039 sciant
568 2981 649 3055 quod
669 2979 811 3053 nesciunt,

91 3077 346 3155 Occldsioremque
367 3077 494 3136 hebeant
514 3077 776 3156 stultiloquentiam.
878 3075 991 3158 (Exn.)
