2354 3794
148 237 191 303 34
517 232 520 243 ·
560 228 720 284 PLAVTI
955 237 1045 325 ms.
1058 238 1159 310 §Mo

149 389 207 448 Sed
228 389 365 467 eplstulas
385 392 504 470 quando
525 393 692 471 obsignatas
712 391 827 466 odferet,

147 485 256 546 Nonne
277 486 414 549 orbitrare
435 488 478 550 soi
500 490 716 551 adulescentem
738 490 816 550 onuli

147 583 262 643 Patorni
283 586 398 662 signum
418 587 554 648 novisset
573 596 647 669 ME?
662 589 759 647 Etiam
780 584 812 646 tt'v
833 587 931 647 taces?
1018 596 1056 649 60
1085 593 1143 649 790

147 680 302 742 Sescontae
323 684 360 742 ad
381 704 447 744 earn
467 705 530 745 rem
551 685 655 746 causae
677 696 801 764 possunt
821 684 945 762 conligi:

145 776 223 837 Eum
243 800 330 858 quern
350 781 449 842 hobuit
469 784 601 861 perdidit,
615 784 703 844 olium
723 793 791 861 post
811 783 879 842 leclt
899 799 1017 842 novom.
1124 823 1126 831 ι

146 875 211 935 Iam
232 879 256 937 si
276 879 446 956 obsignatas
466 881 527 940 non
547 883 627 952 leret,
643 880 699 941 dici
720 881 777 941 hoc
798 888 896 959 potest

145 972 235 1050 Apud
255 976 407 1052 portitores
428 978 477 1038 eos
497 978 657 1056 resignatos
678 979 732 1039 sibi
1140 1022 1147 1029 -

145 1070 355 1152 Inspoctasque
376 1095 448 1135 esse.
470 1078 500 1136 in
521 1074 606 1136 holus
627 1077 709 1136 modi
729 1077 850 1155 negotio
1015 1085 1049 1152 ⁶5
1084 1085 1142 1141 795

145 1170 232 1230 Diom
253 1192 388 1234 sermone
408 1173 499 1235 torere
520 1175 657 1251 segnities
678 1187 800 1236 merast:

145 1268 286 1341 Quamvis
307 1291 456 1332 sermones
477 1272 601 1349 possunt
620 1274 701 1353 longi
721 1274 821 1334 toxier.

144 1370 202 1426 Abi
222 1369 260 1428 od
281 1370 468 1430 thensaurum
488 1369 548 1429 idm
567 1371 720 1431 confestim
741 1356 947 1435 clanculumt‘

146 1465 258 1539 Servos,
272 1470 391 1529 ancillas
412 1469 533 1531 omove:
555 1480 641 1546 atque
656 1471 764 1530 audln?
787 1478 851 1531 CA.
867 1470 948 1544 Quid
961 1472 1027 1531 est?

144 1571 214 1623 ΜΕ.
238 1565 368 1626 onrem
389 1586 507 1645 quoque
528 1587 647 1645 eampse
668 1566 827 1628 honorem
849 1570 889 1627 uti
911 1568 988 1628 celos
1010 1569 1096 1631 sace:
1113 1592 1144 1646 70

144 1663 222 1723 Nam
242 1664 293 1740 pol
314 1677 408 1724 tacere
429 1665 590 1744 numquam
611 1669 796 1744 quicquamst
817 1666 897 1743 quod
918 1676 1015 1742 queat.
1082 1672 1142 1730 801

144 1761 223 1834 Quid
244 1761 323 1821 ndnc
346 1767 423 1823 stas?
444 1767 515 1840 quin
536 1775 567 1824 tu
588 1765 656 1825 hinc
675 1774 700 1825 te
720 1764 838 1825 omoves
859 1775 887 1824 et
908 1764 938 1822 to
959 1769 1088 1827 moves?

142 1859 241 1935 Aperi,
257 1862 396 1939 deprome
417 1865 485 1924 inde
505 1862 566 1923 aori
586 1864 624 1924 ad
644 1865 721 1924 hanc
740 1882 803 1923 rem
823 1862 903 1941 quod
924 1873 969 1925 sat
987 1873 1051 1924 est:

143 1958 291 2019 Continuo
312 1971 413 2036 operta
433 1961 549 2022 donno:
570 1964 623 2022 sed
644 1962 815 2033 clanculum,

144 2055 223 2115 Sicut
243 2059 395 2133 praecepi:
417 2057 539 2119 cunctos
561 2061 681 2119 exturba
701 2059 829 2119 aodibus.
1013 2080 1044 2133 75
1079 2065 1145 2123 805

142 2161 204 2214 ΟΛ.
223 2155 268 2213 Ita
281 2155 394 2214 sociam.
415 2164 488 2216 ΜΕ.
501 2158 541 2217 At
560 2159 638 2215 enirn
651 2159 737 2217 nimis
751 2158 840 2235 longo
860 2175 995 2218 sermone
1012 2155 1146 2227 utimur:

140 2253 228 2312 Diom
249 2254 427 2326 conficimus,
442 2255 532 2333 quom
553 2256 612 2314 iam
632 2256 815 2332 properatost
835 2274 919 2333 opus.

141 2350 221 2410 Nihil
242 2351 286 2411 ost
306 2352 343 2410 de
364 2353 449 2429 signo
470 2352 550 2430 quod
571 2371 702 2412 vereare:
726 2353 775 2411 mo
795 2353 868 2412 vide.

36 2430 44 2459 ι’
141 2448 280 2526 Lepidost
300 2450 348 2508 illa
367 2468 463 2521 causa,
477 2460 509 2509 ut
528 2450 753 2520 conmemoravi,
767 2450 862 2510 dlcere

141 2546 231 2622 Apud
251 2548 404 2624 portitores
424 2547 489 2606 osse
510 2547 665 2622 inspectas.
686 2546 811 2625 donique
1005 2559 1040 2608 80
1077 2555 1146 2617 810

141 2644 208 2704 Didi
228 2656 342 2723 tempus
363 2646 424 2706 non
444 2645 545 2704 vides?
565 2644 635 2721 quid
656 2641 736 2703 illdm
757 2656 842 2721 putas

141 2741 254 2804 Natdra
274 2745 322 2804 illa
342 2753 428 2821 atque
447 2741 587 2819 ingonio?
609 2741 667 2800 iam
688 2742 800 2802 dudum
819 2743 936 2806 obriust

142 2843 265 2916 Quidvis
286 2845 410 2919 probare
430 2841 552 2918 poterit:
573 2850 644 2911 tum,
659 2841 740 2917 quod
756 2841 961 2916 moxumumst,

141 2940 272 3012 Adlorre,
286 2958 347 2999 non
369 2959 400 2999 se
421 2939 519 3018 potere
541 2938 609 2998 hinc
630 2938 715 2998 dicet.
736 2947 800 2999 ΘΑ.
815 2939 880 2999 Iam
901 2951 947 3002 sat
967 2952 1020 3003 est.

29 3090 40 3107 ,
141 3045 212 3097 ΜΕ.
234 3037 301 3114 Ego
321 3038 530 3115 sycophantam
551 3036 610 3098 iom
631 3039 767 3098 conduco
789 3037 987 3165 d⁶s010p1l
1013 3049 1046 3114 85
1078 3045 1142 3107 815

141 3135 345 3213 Epistulasque
365 3135 423 3195 itm
444 3135 627 3214 consignabo
648 3137 721 3196 duas
857 3168 867 3199 ς,
879 3116 954 3217 (st‘l

141 3235 276 3311 Eumque
296 3231 354 3292 hvic
374 3234 416 3293 od
431 3234 646 3296 adulescdntem
666 3233 838 3313 meditattlm
857 3216 950 3314 probe

142 3332 269 3392 Mittam.
290 3339 352 3392 cA.
369 3315 416 3392 Eo
439 3351 496 3411 ego
515 3353 580 3412 ergo
599 3335 686 3413 igitur
705 3336 781 3397 intro
802 3336 840 3397 ad
860 3335 989 3399 officiom
1008 3339 1155 3407 meumr'

142 3433 193 3494 Tu
213 3428 287 3493 istoc
307 3449 371 3510 age.
392 3439 463 3497 ΜΕ.
479 3433 586 3497 Actum
606 3434 728 3498 roddam
748 3435 963 3515 nugaclsaume.
1018 3514 1024 3521 ,
