2400 3802
107 207 146 270 16
505 192 677 269 'Pravrr
922 225 958 276 11.
969 227 992 275 2.
1004 224 1100 290 ⁶2-85.

103 357 143 438 <rt
163 379 203 437 ita
223 390 252 439 te
273 377 395 438 aliorum
415 380 589 450 miserescat,
603 379 641 438 ne
661 381 699 439 tis
719 380 790 439 alios
810 380 953 439 misereat.

101 482 168 535 Π.
189 476 329 537 Deserere
349 478 428 535 illum
450 488 479 535 et
500 477 685 536 deiuvare-in
706 478 792 536 rebus
813 479 944 537 advorsis
965 480 1067 554 pudet.

101 582 170 634 PH.
190 575 244 633 Pel
264 575 373 651 pudere
393 574 481 652 quem
502 576 601 652 pigere
621 575 747 651 praestat
767 575 888 634 totidem
909 575 1006 634 literis.
1034 581 1098 635 345
1136 576 1138 581 '

100 678 167 730 Π.
188 656 304 748 Edepol
318 673 405 731 deum
413 669 514 732 virtrite
530 674 633 741 dicam,
645 673 734 748 peter,
746 683 775 733 et
789 673 932 732 maiorum
947 672 975 730 et
987 683 1041 731 tua
1061 682 1098 745 65

101 767 196 829 Multa
214 770 294 828 bona
313 770 388 828 bene
408 769 491 846 perta
511 769 667 830 habemus:
689 770 764 830 bene
785 772 809 829 si
828 771 924 828 amico
946 768 1059 841 feceris,

102 866 148 925 Ne
169 868 268 944 pigeat
288 867 407 926 fecisse:
428 878 460 926 ut
480 869 576 943 potius
597 865 715 943 pudeat,
729 869 754 926 si
776 886 838 926 non
858 867 969 926 seceris.

101 971 169 1024 PH.
190 964 237 1023 De
258 966 372 1040 magnis
393 965 497 1023 divitiis
518 965 613 1041 siquid
634 964 743 1034 demas,
765 965 829 1041 plus
850 964 882 1023 fit
901 964 941 1023 en
961 965 1084 1024 minus?

100 1071 167 1122 ΒΥ.
189 1063 299 1133 Minus,
326 1073 423 1140 pater:
465 1062 518 1121 sed
545 1063 601 1122 clvi
629 1063 758 1121 inmoeni
791 1063 854 1121 scin
880 1062 951 1139 quid
982 1064 1101 1122 cantari

264 1161 356 1220 solet?
1036 1164 1101 1219 350

103 1260 193 1333 Quod
216 1260 306 1318 habes
333 1278 371 1318 ne
394 1257 503 1318 habeas
528 1269 558 1318 et
579 1258 649 1317 illud
673 1259 753 1336 quod
778 1258 839 1317 nen
866 1258 957 1317 habes
980 1255 1099 1316 habeas

262 1357 357 1430 velim,
1064 1374 1101 1428 70

102 1456 230 1530 Quendo
251 1455 368 1533 quidem
389 1473 445 1514 nec
464 1456 516 1513 tibi
536 1457 611 1515 bene
632 1474 696 1515 esse
715 1455 785 1530 pete
805 1455 865 1530 pati
886 1472 980 1530 neque
1000 1450 1101 1513 alteri.

100 1562 167 1613 PH.
192 1554 260 1613 Scio
281 1553 415 1630 equidem
437 1552 510 1610 istuc
532 1554 572 1609 ita
593 1552 685 1611 solere
706 1552 786 1610 sieri:
808 1569 917 1622 verum,
930 1548 1018 1626 gnate
1040 1553 1097 1623 mi,

101 1636 132 1712 Is
153 1662 197 1712 est
215 1651 368 1720 inmoeniS‚
384 1651 454 1726 quoi
474 1649 544 1706 nihil
564 1660 607 1708 est
628 1651 678 1725 qui
698 1648 823 1708 moenus
842 1644 979 1724 sungatrir
1000 1665 1101 1708 suom.

99 1757 167 1808 Π.
187 1747 285 1807 Derim
297 1748 397 1805 virtute
411 1746 553 1805 habemus
567 1757 596 1805 et
606 1748 655 1822 qui
668 1746 785 1805 nesmet
793 1743 917 1816 utamur,
927 1753 1017 1821 pater,
1035 1750 1099 1805 355

100 1832 139 1906 Et
160 1848 222 1906 aliis
243 1848 292 1924 qui
313 1846 441 1905 cemitati
462 1847 553 1906 simus
574 1846 821 1905 benevolentibus.
1064 1870 1099 1921 75

100 1953 168 2004 PH.
191 1945 261 2004 Non
288 1945 393 2022 edepol
418 1946 469 2004 tibi
497 1945 657 2022 pernegare
684 1946 805 2022 p6ssum
827 1945 984 2023 quicquam
1011 1945 1101 2022 qued

263 2044 349 2103 velis:
928 2094 930 2098 .

102 2142 185 2214 Quoi
206 2141 363 2218 egestatem
383 2142 504 2201 tolerare
524 2143 587 2201 vis?
610 2142 727 2219 loquere
747 2141 884 2202 audacter
903 2140 986 2221 putri.

100 2248 167 2300 Π.
188 2240 353 2299 Lesbonico
374 2240 442 2298 hinc
462 2240 648 2311 adulescenti,
663 2240 830 2300 Chermidai
848 2240 920 2311 filio,

101 2338 161 2411 Qui
182 2338 240 2396 tllic
264 2339 381 2397 habitat.
405 2344 474 2396 PH.
492 2337 573 2409 Quin
596 2339 723 2398 comedit
743 2338 825 2415 qued
848 2337 906 2408 fuit,
928 2335 1009 2413 quod
1031 2337 1101 2397 nen

263 2436 334 2495 fuit?
1033 2439 1099 2495 360

100 2542 167 2594 LY.
188 2535 235 2593 Ne
256 2533 408 2611 exprobra,
423 2533 521 2611 pater:
544 2535 633 2594 multa
651 2535 763 2595 homini
782 2533 918 2598 eveniunt
934 2550 1010 2610 quae
1024 2533 1098 2606 volt,

263 2633 338 2710 quae
352 2634 457 2693 nevolt.
1062 2642 1101 2691 80

100 2740 167 2791 PH.
190 2731 315 2792 Mentire
340 2732 453 2810 edepol,
474 2732 570 2807 gneta
592 2740 678 2810 atque
698 2731 729 2791 id
750 2749 829 2790 nunc
848 2729 920 2791 fecis
939 2730 998 2790 hau
1021 2746 1098 2790 cou-

262 2826 424 2890 suetudine.

101 2928 316 3005 Nem‘sapiens
337 2929 454 3005 quidem
475 2929 526 3006 pol
546 2930 627 3004 ipsus
648 2929 734 3005 lingit
754 2927 900 2988 fortunent
920 2927 993 2987 sibi:

100 3027 147 3086 Εό
169 3046 230 3087 non
251 3026 341 3085 multa
362 3025 438 3103 quae
458 3027 556 3086 nevolt
575 3025 719 3096 eveniunt,
733 3025 789 3083 nisi
809 3025 893 3085 fictor
912 3024 1028 3083 maiust.

100 3132 166 3184 LY.
188 3121 284 3183 Multa
307 3124 346 3182 illi
370 3142 460 3201 opera
482 3120 569 3200 opust
593 3122 709 3181 ficturae
734 3122 785 3199 qul
812 3140 844 3181 se
871 3118 1004 3191 fictorem
1024 3138 1098 3197 pro-

262 3224 333 3282 bum
979 3242 983 3247 ·
1029 3212 1097 3289 {815⁵

100 3321 187 3381 Vitae
205 3321 340 3398 agundae
358 3338 423 3380 esse
443 3319 565 3396 expetit:
589 3318 702 3378 sedhic
720 3317 880 3378 admodum
893 3304 1097 3379 adulescentu-

252 3420 321 3483 lust.
1027 3456 1030 3461 ·
1060 3422 1098 3485 ⁸3
