2400 3802
53 252 103 304 ιν.
114 254 138 303 r.
149 251 241 316 42-61.
429 236 691 294 TRINVMMVS.
721 220 726 232 ‘
1010 241 1051 310 47

53 402 119 476 Qui
135 402 178 466 nil
196 401 307 464 meriti:
328 403 441 480 quippe
459 420 561 462 eorum
581 420 618 461 ex
636 400 756 478 ingenio
778 401 931 478 ingenium
948 398 1054 460 honim

219 503 354 578 probant.
975 503 1052 557 1049

53 598 161 677 Siquoi
181 598 317 658 mutuom
338 599 410 675 quid
430 598 554 671 dederis,
569 599 602 657 fit
621 617 676 676 pro
697 598 817 676 proprio
837 596 1001 675 perditum:

52 695 160 768 Quom
177 705 302 774 repetas,
315 697 468 756 inimicum
488 698 614 756 amicum
633 697 763 756 invenias
785 696 926 755 beneficio
944 707 1003 754 tuo.
1021 717 1053 767 45

53 789 107 874 [Si
126 812 213 872 mage
233 795 349 872 exigere
370 795 507 872 occipias,
523 795 645 854 duarum
665 793 763 853 rerum
784 794 912 852 exoritur
932 793 1033 870 optio:

52 890 116 950 vel
130 891 201 975 iliud
212 891 295 971 quod
308 891 464 951 credideris
477 893 583 968 perdas
597 891 642 950 vel
655 891 736 950 illum
749 890 876 950 amicum
891 885 1046 969 amiseris]

52 970 248 1066 H60''qui'in
265 998 397 1049 mentem
409 988 519 1048 venerit
537 991 597 1049 mi?
624 1007 656 1048 re
674 989 739 1066 ipsa
757 988 849 1046 modo
868 988 1055 1048 conmdnitus

221 1104 294 1146 surn.

53 1191 128 1245 ΟΕ.
157 1182 278 1266 (Arme.)
300 1184 387 1246 Meus
410 1196 454 1246 est
477 1186 526 1244 hic
548 1185 665 1261 quidem
689 1184 830 1244 Stasimus
850 1202 957 1244 servos.
997 1192 1054 1243 ΒΤ.

220 1282 300 1341 Nam
322 1283 380 1358 ego
401 1283 542 1342 talentum
560 1281 695 1342 mdtuom
977 1287 1055 1341 1055

55 1382 143 1458 Quoi
161 1382 309 1453 dederam,
324 1380 431 1440 talento
452 1381 604 1440 inimicum
624 1381 665 1439 mi
686 1380 753 1452 emi,
768 1381 896 1440 amicum
915 1379 1041 1439 vendidi.
1073 1431 1075 1434 ,

53 1479 119 1539 ὃέᾱ
140 1497 197 1556 ego
218 1497 285 1538 sum
306 1478 487 1556 insipientior
507 1479 557 1555 qui
577 1477 664 1538 rebus
685 1496 784 1539 curem
805 1477 928 1555 publicis
1022 1500 1056 1550 50

53 1575 159 1634 P6tius
168 1595 268 1655 quam,
279 1576 311 1636 id
320 1575 401 1652 qnod
414 1575 625 1651 prdnumumst‚
635 1592 703 1633 meo
714 1574 798 1650 tergo
808 1574 927 1633 tutelam
937 1593 1055 1651 geramz

53 1657 106 1733 Εο
127 1674 257 1734 domum.
301 1681 369 1733 ΘΗ.
392 1673 477 1732 Heus
498 1681 538 1744 tu,
560 1682 622 1731 asta
642 1673 729 1731 ilico:
750 1670 917 1745 audi‚he1is
937 1682 978 1733 tu.
998 1678 1056 1732 ΒΤ.

223 1772 294 1832 Non
316 1783 370 1831 sto.
413 1778 480 1830 011.
502 1769 549 1829 Τέ
569 1771 646 1830 voio.

57 1877 119 1930 ΒΨ.
147 1869 237 1943 Quid,
261 1872 287 1930 si
315 1879 434 1947 egomet
464 1880 494 1928 te
522 1867 595 1927 velle
626 1868 715 1928 nolo?
758 1877 825 1929 οΗ.
853 1869 904 1929 Ah
924 1870 1056 1941 nimium,

221 1967 356 2039 Stasime‚
374 1967 501 2027 saeviter.
979 1974 1056 2029 1060

56 2072 116 2126 ΒΨ.
136 2049 245 2125 Emere
264 2066 380 2124 meliust
396 2066 467 2143 quoi
483 2067 617 2142 imperes.
660 2073 727 2127 ΟΕ
748 2067 802 2126 Pol
820 2086 878 2144 ego
894 2067 952 2126 emi
968 2078 1056 2145 atque

222 2161 374 2240 argentum
395 2164 478 2223 dedi:

57 2262 119 2324 sed
134 2263 160 2322 si
175 2279 238 2322 non
254 2263 333 2322 dicto
350 2259 472 2321 addiens
488 2271 539 2332 est,
557 2262 630 2338 quid
649 2265 728 2338 ago?
770 2271 827 2323 ΒΤ.
855 2264 903 2322 Da
916 2262 1058 2340 magnum

96 2416 99 2420 .
150 2424 156 2434 ¹
223 2359 342 2427 malum.
1024 2385 1056 2434 55

59 2467 128 2520 OE.
149 2458 232 2519 Bene
251 2476 375 2519 mones:
398 2459 437 2518 ita
458 2457 554 2519 iacere
576 2469 723 2519 certumst.
765 2467 822 2519 ΒΤ.
849 2460 916 2518 Nisi
937 2459 1056 2536 quidem

223 2574 256 2617 es
275 2556 429 2616 obnoxius.

58 2663 128 2717 ΟΕ
150 2655 183 2714 Si
197 2657 315 2728 bonust,
330 2656 477 2715 obnoxius
491 2674 573 2715 surn:
596 2657 642 2715 sin
659 2665 763 2725 secust,
778 2656 883 2715 faciam
898 2656 930 2716 dt
942 2676 1056 2720 mones.

58 2761 118 2815 ΒΨ.
146 2753 230 2827 Quid
257 2754 290 2813 id
320 2753 358 2812 ad
386 2772 434 2813 me
463 2752 565 2813 attinet
591 2755 715 2813 bonisne
743 2752 831 2813 servis
858 2765 890 2812 tu
917 2767 998 2815 utare
1018 2756 1056 2816 dn

223 2851 327 2911 malis?
979 2859 1056 2914 1005

35 2926 38 2931 '
59 2957 130 3012 GE.
151 2949 232 3064 quia
250 2949 322 3009 boni
342 2949 469 3026 malique
489 2950 575 3009 inea
594 2969 627 3008 re
647 2950 714 3026 pars
734 2951 820 3009 tibist
862 2957 918 3011 ΒΤ.
938 2951 1057 3011 Partem

252 3058 342 3107 teram

60 3145 134 3207 Tibi
153 3047 299 3225 ρεῐωῖὶῆο,
319 3145 398 3204 iiiam
425 3144 545 3206 alteram
566 3145 645 3223 apud
673 3164 721 3205 me
742 3145 823 3223 quod
846 3149 945 3208 bonist
965 3147 1057 3224 adpo-

224 3244 296 3304 nito.
1024 3257 1057 3307 60

59 3325 145 3406 0Ηᾷ
163 3343 197 3405 Si
223 3343 279 3402 eris
306 3343 434 3417 meritus,
455 3343 514 3405 fiet.
533 3345 644 3422 respice
673 3342 731 3404 huic
760 3345 798 3404 ad
826 3363 891 3404 me:
914 3363 971 3424 ego
992 3363 1057 3406 sum

226 3439 406 3505 Charmides.
