2354 3794
131 246 153 310 6
556 249 715 308 PLAVTJ
966 259 989 311 1.
1000 260 1024 310 r.
1036 258 1140 324 33-m·

131 420 195 479 Nisi
215 418 247 479 td
267 439 315 480 me
335 418 468 479 mihimet
488 416 590 480 cdnses
611 416 753 479 dicturdm
774 417 858 478 male.

130 515 210 576 Nam
230 517 255 575 si
275 518 306 576 in
326 527 355 576 te
376 526 528 593 aegrotant
548 516 623 576 artes
644 513 776 591 antiquae
796 526 862 574 tuae
1085 509 1121 569 72

131 612 279 674 Omnibus
298 614 399 673 amicis
419 612 556 673 morbum
576 622 609 672 tu
628 611 749 672 incuties
769 627 897 689 gravem,
1086 609 1131 664 75

130 710 171 770 Vt
190 710 220 771 te
239 712 335 771 videre
355 709 513 790 audireque
533 712 646 788 aegroti
665 712 748 770 sient

132 815 196 868 ΟΔ.
217 807 278 881 Qui
295 809 325 867 in
344 807 473 867 mentem
493 809 571 868 venit
591 808 644 866 tibi
664 808 754 867 istaec
775 806 852 868 dicta
871 804 987 866 dicere?
1089 818 1155 876 4⁹

130 913 202 964 ΜΕ.
224 904 303 978 Quia
322 906 419 965 omnis
438 907 534 965 bonos
554 903 707 982 bonasque
727 904 865 964 adcurare
886 902 1018 973 addecet,

132 1002 333 1080 Suspicionem
352 1012 382 1062 et
401 999 518 1080 crilpam
537 1011 570 1061 ut
590 1003 627 1061 ab
647 1020 680 1061 se
700 999 864 1078 segregent.

132 1107 194 1160 CA.
217 1100 288 1161 Non
307 1101 406 1179 p6test
425 1110 576 1179 utrumque
596 1099 667 1159 fieri.
694 1106 767 1158 ΜΕ.
788 1097 996 1177 Quapropter?
1018 1105 1081 1158 ΟΔ.

292 1198 414 1276 Rogas?
908 1200 915 1214 ¹
993 1229 996 1235 ·
1083 1197 1122 1253 80

131 1297 179 1358 Ne
199 1296 350 1358 admittam
371 1297 495 1375 culpam,
517 1315 573 1375 ego
591 1297 659 1357 med
680 1315 744 1357 sum
764 1314 885 1374 promus
906 1293 1037 1372 pectoriz

132 1396 293 1474 Suspiciost
312 1396 343 1454 in
362 1394 480 1473 pectore
501 1395 596 1454 alieno
616 1397 678 1455 sita.
840 1448 842 1452 a
1052 1380 1055 1388 ¹
1090 1415 1121 1467 45

132 1492 212 1553 Nam
233 1492 312 1553 minc
334 1511 390 1570 ego
411 1494 436 1552 si
456 1504 485 1553 te
506 1491 691 1570 subrupuisse
713 1490 842 1570 stispicer

131 1591 196 1652 Iovi
215 1609 355 1651 coronam
375 1589 413 1650 de
433 1591 527 1668 capite
547 1610 584 1650 ex
605 1590 759 1669 Capitolio,

132 1688 191 1762 Qui
211 1689 241 1746 in
262 1688 405 1748 cdlumine
426 1698 500 1748 astat
521 1687 656 1763 sdmm03
677 1689 703 1749 si
724 1690 754 1749 id
774 1708 835 1750 non
856 1687 957 1749 feceris
1083 1692 1123 1750 85

97 1856 100 1865 Ι
130 1787 227 1863 Atque
248 1786 278 1844 id
298 1796 396 1845 tamen
416 1785 487 1844 mihi
507 1783 605 1846 ldbeat
625 1785 812 1862 suspicariert

131 1884 191 1957 Qui
211 1893 242 1942 tu
262 1884 293 1942 id
313 1883 465 1960 prohibere
485 1883 533 1942 me
554 1892 639 1961 potes
660 1903 698 1943 ne
719 1883 868 1961 sdspieeri
1091 1909 1126 1958 ⁵0

132 1980 191 2042 Sed
210 1979 282 2041 istrie
303 1982 403 2058 negoti
423 1978 510 2058 cdpio
531 1983 604 2042 scire
623 1981 696 2060 quid
714 1983 775 2041 siet
1028 1964 1031 1971 ¹

131 2086 201 2137 ME.
224 2077 333 2137 Haben
353 2089 384 2137 tu
404 2078 531 2138 amicum
552 2088 602 2138 aut
621 2077 790 2138 familiarem
811 2076 985 2156 qndmpiam

132 2177 211 2252 Quoi
231 2176 334 2255 pectus
355 2177 467 2255 sapiat?
497 2183 561 2238 ΟΔ.
581 2161 698 2256 Edepol
718 2176 776 2236 hau
797 2177 893 2238 dicam
913 2179 992 2239 dolo,
1085 2183 1127 2240 90

133 2276 206 2335 Sunt
225 2275 300 2353 quos
321 2276 383 2336 seio
403 2277 515 2337 amicos
535 2276 617 2337 esse:
637 2286 705 2336 sunt
725 2294 800 2354 quos
820 2274 960 2353 suspicor.
1000 2350 1003 2357 Ι

134 2373 192 2433 Sed
211 2383 244 2433 tu
264 2374 302 2433 dx
323 2357 423 2434 amicis
443 2372 529 2434 certis
549 2374 590 2432 mi
611 2392 643 2434 es
664 2376 860 2434 certissumus.

133 2470 236 2549 Siquid
255 2473 312 2532 scis
333 2489 381 2533 me
397 2472 502 2532 fecisse
523 2472 625 2531 inseite
646 2482 696 2531 aut
716 2473 847 2550 Inprobe,
1086 2477 1126 2532 95

133 2570 165 2631 Si
184 2571 215 2631 id
234 2571 296 2631 non
317 2590 366 2632 me
386 2588 516 2643 accusas,
529 2566 590 2630 tute
611 2568 827 2647 obiurgandd's.
869 2578 941 2630 ΜΕ.
964 2570 1033 2630 Scio

132 2668 216 2744 Etsi
236 2669 293 2729 alia
312 2669 370 2729 hue
389 2686 481 2729 eausa
500 2667 540 2727 ad
559 2677 589 2727 te
610 2666 721 2740 adveni,
737 2685 862 2745 aequom
883 2668 1021 2746 p6stulas.
1093 2677 1127 2728 60

134 2774 197 2827 ΟΔ.
218 2764 351 2842 Expdcto
372 2765 468 2844 'siquid
488 2766 580 2826 dicas.
621 2772 692 2825 ΜΕ.
715 2766 916 2826 Primumdum
930 2765 1061 2826 omniurn

134 2864 214 2924 Male
235 2864 379 2924 dictitatur
398 2865 451 2924 tibi
470 2865 559 2942 volgo
580 2864 611 2922 in
631 2863 822 2924 sermonibus.

134 2961 437 3038 Turpssncricupidum
457 2961 487 3022 te
507 2971 613 3023 vocant
633 2961 710 3023 cives
729 2964 788 3022 tui:
1068 2966 1127 3025 100

135 3061 216 3120 Tum
235 3059 332 3119 autem
352 3069 420 3119 sunt
439 3060 487 3119 alii
507 3062 559 3137 qui
577 3071 606 3120 te
627 3059 782 3121 volturium
801 3071 925 3123 vocant:

135 3158 279 3218 Hostisne
297 3177 338 3218 an
358 3158 428 3218 civis
448 3158 579 3218 comedis
598 3161 681 3237 parvi
701 3158 839 3237 pendere.
1092 3168 1126 3236 ⁶⁵

136 3256 221 3316 Haec
242 3273 332 3334 quom
352 3253 490 3316 aridio-in
509 3265 539 3315 te
557 3256 625 3328 dici,
640 3257 796 3316 discrucior
815 3258 912 3317 miser.

137 3361 201 3414 σΔ.
221 3353 276 3413 Est
295 3352 383 3431 atque
403 3371 465 3411 non
485 3362 530 3412 est
549 3352 621 3411 mihi
640 3353 671 3412 in
689 3371 788 3425 mauu,
802 3353 1028 3431 Megaronides:

138 3453 221 3528 Quin
241 3453 348 3526 dicant,
362 3470 424 3512 uon
442 3460 504 3512 est:
524 3449 627 3511 merito
647 3459 738 3511 utne
758 3450 865 3525 dicant,
878 3451 909 3512 id
929 3463 982 3514 est.
1066 3457 1127 3517 lot

651 3750 727 3766 *—
741 3760 745 3765 .
