2354 3794
46 173 51 181 ᾗ
81 56 99 73 “
146 103 271 183 ilcan.
476 108 735 164 TRJNVMMVS.
1055 112 1097 183 37

137 260 209 328 Viden
226 281 339 349 egestas
359 271 430 349 quid
451 273 550 348 negoti
572 271 621 331 dat
641 271 752 329 homini
773 269 880 330 misero
900 269 991 328 mali?
1081 292 1095 340 5

125 362 192 438 Quin
217 387 270 447 ego
297 388 378 429 nunc
406 368 526 446 subigor
553 371 641 428 trium
667 386 820 427 nummum
846 365 935 427 carisa
957 377 990 427 ut
1008 368 1097 427 hasce

164 484 173 497 ·
267 468 403 546 epistulas

46 620 49 649 ᾗ
108 562 212 625 Dicam
232 567 269 626 ab
288 584 326 626 eo
343 565 464 625 homine
482 583 530 624 me
549 563 705 643 decepisse,
720 584 808 643 quem
822 564 879 641 ego
893 564 942 641 qui
956 564 992 623 sit
1005 562 1097 621 homo

46 670 49 677 '
266 663 377 736 nescio,

97 760 211 840 Neque
230 763 298 822 novi
318 779 415 838 neque
436 760 521 821 nitus
541 780 636 821 necne
655 759 740 821 frierit
760 761 790 821 id
811 760 903 822 solide
924 760 994 821 scio.
1037 762 1096 817 850

96 866 171 921 cn,
193 856 315 940 (Aside.)
342 860 397 919 Pol
416 859 464 918 hic
486 859 604 936 quidem
624 859 747 936 fungino
767 868 921 936 generest:
950 856 1044 934 cipite
1066 874 1097 915 se

267 956 362 1018 cotim
382 958 465 1034 tegit.

92 1039 221 1115 illurica
240 1054 329 1137 facies
349 1056 460 1115 videtur
480 1053 626 1115 hominis:
648 1073 685 1114 eo
705 1065 808 1115 ornatu
828 1053 956 1115 advenit.
1067 1075 1097 1110 10

89 1161 163 1214 ΒΥ.
185 1137 240 1212 Ire
260 1156 311 1230 qui
331 1173 380 1212 me
401 1151 550 1226 condrixit,
567 1155 617 1213 uhi
638 1153 779 1214 condrixit
799 1154 920 1213 abduxit
940 1151 1079 1212 domum:

92 1249 191 1324 Quae
211 1250 301 1310 voluit
320 1252 390 1309 mihi
411 1250 491 1322 dixit,
506 1251 605 1311 docuit
627 1250 657 1310 et
676 1251 917 1329 praemonstravit
936 1250 1025 1327 prius,

92 1347 174 1423 Qu6
197 1349 288 1408 modo
312 1350 438 1427 quicque
459 1349 586 1426 agerem.
607 1368 686 1409 nunc
714 1350 788 1408 adeo
817 1348 913 1425 siquid
936 1365 994 1424 ego
1014 1346 1097 1405 addi-

268 1446 338 1507 dero
358 1447 490 1524 amplius
1038 1449 1096 1504 855

92 1546 147 1606 Ed
170 1546 333 1606 conductor
352 1544 457 1605 melius
477 1547 515 1606 de
535 1565 584 1606 me
603 1543 698 1622 nigas
718 1543 921 1606 conciliaverit.

92 1628 143 1704 Ut
156 1643 208 1702 ille
221 1662 269 1704 me
283 1643 440 1715 exornavit,
450 1643 490 1703 ita
504 1663 569 1704 sum
583 1643 718 1704 ornatus:
732 1653 884 1721 argentum
897 1642 955 1702 h6c
968 1642 1043 1702 iacit.
1067 1667 1096 1716 15

46 1727 176 1843 b&ipse
196 1751 367 1823 ornamenta
387 1741 406 1802 a
426 1742 555 1819 chorago
574 1742 648 1802 haec
668 1739 791 1818 sumpsit
812 1759 866 1801 suo
887 1741 1035 1819 periculo:

94 1837 196 1901 Ndnc
215 1856 272 1916 ego
292 1840 318 1899 si
337 1850 441 1918 potero
463 1841 640 1900 ornamentis
659 1840 811 1899 hominem
832 1837 1056 1911 circumlinere,

93 1937 193 1998 Dabo
212 1954 333 2014 operam
353 1948 386 1998 ut
404 1956 453 1998 me
473 1935 570 2015 ipsrim
590 1937 677 2015 plane
701 1955 767 1998 esse
788 1937 1002 2015 sycophantam
1030 1936 1097 1996 sen-

266 2035 326 2095 tiat
1037 2036 1096 2093 860

97 2139 171 2193 011
202 2128 326 2214 (Aside.)
352 2133 451 2207 Quam
480 2135 575 2212 magis
606 2144 716 2212 specto,
740 2134 839 2194 minus
866 2132 963 2210 placet
993 2131 1034 2190 mi
1062 2151 1098 2192 ea

54 2284 59 2289 .
266 2232 394 2293 hominis
414 2233 519 2293 iacies:
541 2234 615 2292 mira
635 2244 703 2293 sunt

46 2305 144 2403 Mei
167 2329 223 2389 sslic
243 2329 361 2391 homost
381 2343 430 2393 aut
450 2331 619 2391 dormitator
639 2331 689 2392 arit
710 2340 806 2392 sector
826 2327 968 2389 nonarius.
1066 2353 1097 2389 ιο

63 2480 66 2489 .
97 2429 188 2517 Loca
206 2430 392 2513 contmnplat,
406 2431 628 2508 circumspectat
649 2430 713 2490 sese
733 2440 818 2507 atque
839 2427 920 2487 aedis
941 2425 1082 2487 miscitat:
1120 2468 1169 2509 H„

46 2498 201 2611 &Credo
222 2529 329 2606 edepol
349 2546 410 2605 quo
430 2529 501 2588 mox
517 2530 646 2589 iuratum
666 2528 763 2587 veniat
783 2523 947 2604 speculatrix
966 2525 1038 2605 loca
1056 2512 1090 2557 ¹³¹³
1100 2510 1166 2585 ‘'e'r.

98 2625 204 2703 Magis
216 2625 344 2686 lubidost
358 2627 513 2688 observare
522 2627 593 2706 quid
608 2636 693 2704 agat:
707 2627 734 2684 ei
747 2625 788 2684 rei
801 2600 923 2702 operim
932 2623 1018 2684 daho.
1037 2552 1130 2691 883⁴
1140 2656 1156 2727 ,ἑ

99 2730 168 2787 ΒΥ.
188 2724 255 2786 Has
273 2728 410 2803 regiones
429 2725 638 2787 demonstravit
655 2724 729 2783 mihi
747 2724 795 2783 ille
816 2723 979 2783 conductor
997 2741 1095 2782 meus:

100 2811 195 2901 Apud
214 2825 277 2885 illas
296 2826 379 2885 aedis
400 2824 545 2886 sistendae
565 2823 637 2882 mihi
658 2832 726 2882 sunt
746 2820 963 2899 sycophantiae.
1066 2844 1095 2894 ²5

98 2923 188 2985 Foris
208 2923 337 2999 pultabo.
379 2931 445 2983 011.
467 2921 585 3002 (Anile.)
607 2921 656 2980 Ad
675 2921 790 2980 nostras
810 2919 891 2980 aedis
910 2920 959 2979 hic
979 2919 1099 2996 quidem

266 3021 356 3081 habet
375 3020 486 3081 tectim
505 3023 598 3080 viam:

100 3119 216 3183 Hercle
229 3120 335 3197 opinor
346 3121 387 3179 mi
402 3119 566 3179 advenienti
579 3118 635 3178 hac
649 3119 739 3178 noctu
753 3118 951 3194 agitandumst
964 3115 1083 3193 vIgilias

97 3225 168 3283 ΒΥ.
188 3216 350 3298 (Knocking
363 3224 396 3277 at
406 3217 451 3277 the
463 3218 530 3276 door
545 3217 584 3296 os
592 3213 764 3277 Charmides
779 3212 882 3294 house.)
902 3201 1021 3290 Aperite
1031 3213 1097 3285 hoc,

268 3317 386 3395 aperite.
403 3315 484 3389 heus,
497 3315 597 3396 ecquis
605 3314 651 3375 his
660 3313 768 3374 loribus
777 3311 897 3373 tantam
908 3311 1000 3389 gerit?
1038 3315 1097 3371 870

954 3456 967 3465 .
985 3424 1007 3477 -,“·
1047 3450 1054 3475 ¹.
1076 3426 1147 3471 hs·-

397 3492 540 3575 [ΜΛ-’,-
863 3472 873 3519 ““
910 3492 954 3525 ’··
1018 3484 1024 3495 ’
