2400 3802
152 256 193 322 30
378 205 380 208 Α
568 242 728 299 ΡιΑνῑ]
954 250 1148 316 manaa

152 392 226 468 Esse
250 428 409 487 agrumque
433 409 548 482 habere,
570 409 656 487 egere
679 407 758 466 illam
782 403 888 477 aritem,
909 415 941 464 ut
965 405 1073 465 merito
1102 424 1150 465 me

312 507 411 566 oderit.

152 603 321 681 Numquam
341 605 394 663 erit
414 606 514 665 alienis
535 606 631 682 gravis
653 605 703 681 qui
724 604 784 661 suia
807 620 839 661 se
861 599 1021 660 concinnat
1042 599 1172 661 levem.-

154 702 233 760 Sicut
254 703 313 760 dixi
334 702 455 763 faciam:
485 703 555 762 nolo
575 703 604 762 te
625 702 723 761 iactari
745 696 861 760 diritius.
1089 703 1152 759 685

151 807 217 861 LY.
235 799 356 858 Tanton
374 801 489 859 meliust
509 800 537 859 te
559 801 664 859 sororis
685 796 773 858 carisa
793 806 952 873 egestatem
969 795 1096 873 exsequi
1120 806 1153 856 60

151 884 248 974 Atque
276 917 344 956 eum
371 917 419 957 me
447 917 550 975 agrum
576 895 683 957 habere
710 914 799 974 quam
826 906 863 968 te,
886 892 936 953 tria
962 894 1014 971 qui
1039 893 1154 955 toleres

312 995 448 1055 moenia?

150 1101 213 1152 Im.
236 1093 314 1152 Nolo
334 1113 390 1171 ego
409 1094 479 1152 mihi
494 1093 596 1154 tetam
614 1092 780 1172 prospicere
798 1093 850 1170 qui
868 1109 965 1150 meam
984 1090 1154 1164 egestatem

312 1192 398 1262 leves,

153 1287 211 1347 sad
226 1299 259 1348 ut
275 1289 361 1365 inops
380 1287 495 1348 infamis
512 1307 549 1348 ne
568 1289 641 1348 sim:
670 1288 708 1348 ne
724 1290 766 1346 mi
784 1289 860 1346 hane
877 1286 985 1345 famam
1000 1283 1154 1355 differant,

152 1385 203 1445 Μέ
224 1404 393 1463 germanam
414 1384 511 1444 meam
531 1404 664 1445 sororem
685 1387 715 1444 in
736 1382 964 1445 concubinatum
985 1382 1047 1454 tibi,
1087 1384 1155 1441 690

154 1484 185 1542 Si
199 1485 260 1542 sine
275 1485 343 1543 dote
357 1485 425 1554 da'm,
439 1483 554 1542 dedisse
571 1482 665 1560 magis
684 1502 773 1560 quarn
787 1486 818 1542 in
837 1481 1063 1542 matrimonium.
1120 1490 1155 1551 ⁶5

153 1580 228 1652 Quis
249 1599 297 1640 me
317 1580 467 1656 inprobior
487 1579 667 1656 perhibeatur
688 1580 772 1640 esse?
802 1580 875 1639 haec
895 1575 1078 1654 famigeratio

151 1679 198 1738 Τέ
219 1680 362 1747 honestet,
378 1698 425 1737 me
446 1678 654 1736 conlutulentet
675 1680 702 1737 si
723 1680 785 1738 sine
806 1679 874 1738 dote
895 1676 1020 1737 duxeris.

152 1777 223 1835 Tibi
244 1777 280 1834 sit
300 1775 531 1834 emolumentum
552 1775 689 1834 honoris:
719 1776 790 1833 mihi
812 1775 892 1853 quod
912 1770 1061 1833 obiectent
1082 1775 1156 1837 siet.

150 1880 217 1932 Π.
240 1872 341 1946 Quid?
377 1884 406 1931 te
434 1873 602 1932 dictatorem
629 1891 732 1932 censes
759 1873 829 1944 iore,
851 1873 875 1931 si
904 1873 956 1930 abs
984 1882 1012 1930 te
1040 1889 1155 1948 agrum

311 1971 491 2047 acceperim?
1086 1974 1155 2031 695

151 2078 213 2128 Im.
237 2067 340 2145 Neque
370 2069 438 2128 volo
468 2087 563 2146 neque
596 2070 714 2146 postulo
748 2088 844 2146 neque
878 2067 1003 2128 censeo:
1044 2067 1158 2131 terrim

313 2178 412 2226 tamen
1123 2190 1158 2243 70

152 2251 183 2326 fs
204 2276 248 2325 est
268 2265 364 2324 honos
383 2265 496 2324 homini
515 2266 622 2342 pudico
644 2264 808 2324 meminisse
830 2262 958 2323 officium
979 2281 1075 2324 suom.

152 2370 219 2423 LY.
252 2364 320 2423 Seio
349 2365 484 2441 equidem
516 2374 545 2423 te
573 2362 716 2422 animatus
743 2373 776 2420 ut
806 2363 864 2421 sis:
894 2362 989 2432 video,
1021 2363 1156 2437 subolet,

314 2461 418 2521 sentio.

153 2541 190 2616 id
210 2558 273 2634 agis
292 2569 333 2628 ut,
347 2560 398 2617 ubi
418 2558 597 2618 adfinitatem
617 2557 690 2616 inter
710 2575 765 2617 nos
786 2567 915 2617 nostram
937 2557 1136 2619 adstrinxeris

153 2641 250 2732 Atque
274 2674 342 2714 eum
363 2676 465 2733 agrum
488 2657 601 2715 dederis
625 2657 859 2733 necquicquam
883 2656 931 2714 hic
955 2656 1007 2713 tibi
1034 2655 1074 2713 sit
1099 2658 1155 2733 qui

316 2753 403 2812 vitam
426 2755 514 2825 colas,
1091 2759 1157 2815 700

153 2834 286 2925 Effugias
306 2868 343 2908 ex
363 2848 433 2909 rirbe
454 2851 557 2921 inanis,
572 2851 714 2927 profugus
735 2853 859 2928 patriam
879 2849 1004 2921 deseras,
1121 2873 1155 2925 η

155 2947 314 3024 Cognatos,
329 2947 516 3019 adfinitatem,
530 2950 642 3008 amicos
663 2948 744 3008 iactis
765 2947 880 3025 nuptiis.

155 3043 226 3103 Mea
245 3063 335 3120 opera
353 3045 421 3104 hinc
443 3045 625 3122 proterritum
646 3055 675 3104 te
695 3045 819 3123 meique
839 3047 956 3105 avaritia
976 3043 1153 3109 autument:

95 3168 99 3173 ’
156 3127 260 3201 idme
281 3142 494 3202 conmissurum
514 3153 547 3202 ut
568 3144 659 3219 patiar
680 3143 741 3201 sieri
762 3162 799 3202 ne
820 3145 951 3202 animum
972 3140 1134 3205 induxeris.
1196 3174 1198 3181 ·

155 3247 212 3298 ΒΨ.
232 3240 303 3300 Non
313 3242 391 3299 enim
400 3259 522 3317 possum
533 3241 605 3317 quin
614 3240 794 3300 exclamem:
813 3258 896 3316 euge,
904 3239 988 3316 erige,
997 3240 1154 3318 Lysiteles,
1194 3224 1198 3311 i

316 3343 401 3397 πάλιν.
1090 3344 1153 3399 7θῦ
1191 3336 1198 3431 ἶ

137 3431 241 3492 Facrie
255 3435 394 3512 palmam
416 3434 527 3499 babes:
558 3435 916 3498 hiericuntinam
933 3435 1096 3495 oomoirbia.
1119 3448 1157 3497 ue
1191 3440 1198 3491 t
