2354 3794
100 122 140 169 22
502 111 674 202 'PLAVTI
905 125 941 175 11,
953 120 1116 192 aes-1²²·

97 279 155 336 Vbi
175 278 306 337 mortuos
327 277 374 348 sis,
389 276 429 336 lta
449 277 489 336 sis
510 285 541 336 ut
561 275 671 336 nomen
692 277 776 338 cluet.
1063 270 1125 345 95'

39 376 64 397 “·
96 382 163 434 PH.
186 374 273 434 Nunc
292 373 325 433 rit
346 376 421 434 scias
441 376 488 434 hic
508 374 650 435 factiones
671 375 757 454 atque
778 394 850 452 opes

96 472 166 533 Non
187 472 251 533 esse
271 491 366 549 neque
386 490 441 532 nos
461 472 541 532 tuam
562 475 716 551 neglegere
737 472 881 551 gritiam:

96 571 164 630 Sine
185 570 253 629 d6te
274 587 367 646 posco
388 567 468 628 tuam
489 588 620 630 sororem
640 571 709 631 illio.

95 665 246 742 Quaeres
267 667 342 726 bene
361 677 462 726 vortat.
483 667 599 727 habeon
620 671 756 745 pactam?
777 669 849 746 quid
869 672 972 729 taces?
1028 660 1104 729 60⁰

94 775 150 825 ΒΤ.
171 767 227 825 Pro
248 765 277 825 di
298 765 475 835 inmortales,
489 766 694 825 condicionem
715 767 820 843 qu6ius
841 768 931 827 modi.
962 782 964 789 ’
1040 774 1106 824 10⁰

88 850 163 923 PH.
184 864 265 937 Quin
285 861 413 921 fabulare
435 863 484 922 ‘dl
504 863 579 923 bene
599 874 730 925 vortant:
751 864 922 941 spondeo'l
984 873 988 879 '

93 970 149 1021 ST.
171 961 263 1032 Eheu,
392 1012 396 1021 .
943 960 949 974 '

92 1061 151 1120 Vbi
173 1059 243 1119 dsus
264 1058 334 1118 nihil
355 1056 416 1118 erit
435 1059 464 1116 ei
481 1057 567 1132 dicto,
583 1060 749 1138 ‘spondeo'

92 1159 234 1217 Dicebat:
254 1175 333 1216 nunc
352 1157 409 1226 hic,
424 1174 514 1233 quom
534 1158 610 1234 opus
632 1169 683 1231 est,
698 1179 759 1219 non
780 1161 841 1237 quit
862 1159 969 1219 dicere.

91 1263 155 1315 m.
177 1254 278 1327 Quom
297 1253 446 1313 adfinitate
465 1254 561 1312 v6stra
581 1274 630 1314 me
651 1257 826 1316 arbitramini
1024 1259 1061 1315 50
1074 1238 1120 1300 5

91 1354 231 1432 Dignum,
246 1351 340 1410 habeo
361 1353 452 1422 vobis,
467 1351 570 1422 Philto,
585 1372 725 1431 magnam
741 1354 873 1431 gratiam.
1037 1351 1124 1415 100⁶

93 1452 152 1512 Sed
173 1451 197 1510 si
217 1448 290 1509 haec
310 1466 358 1508 res
378 1450 500 1524 graviter
522 1447 625 1509 cecidit
645 1450 764 1511 stultitia
785 1470 860 1522 mea,

46 1588 49 1593 -
90 1550 194 1618 Philto,
210 1547 254 1607 est
274 1565 344 1622 ager
364 1549 419 1605 sub
439 1545 510 1606 urbe
531 1549 635 1608 nobis:
657 1547 725 1608 edm
747 1550 823 1608 dabo

91 1646 200 1707 Dotem
221 1645 328 1704 sorori:
349 1641 419 1702 nim
439 1644 464 1703 is
486 1645 522 1704 de
543 1645 647 1705 divitiis
669 1647 741 1706 meis

92 1742 178 1803 Solris
198 1741 316 1817 superfit
336 1740 449 1816 praeter
469 1742 556 1801 vitam
576 1726 708 1803 relicuos.
1021 1747 1079 1803 510

91 1843 159 1902 PH.
181 1838 313 1897 Profecto
334 1837 434 1896 dotem
453 1839 494 1897 nil
514 1858 622 1899 moror.
663 1848 726 1899 ΒΕ.
749 1838 895 1902 Certdmst
915 1841 993 1903 dare.
1035 1864 1081 1901 110

90 1946 146 1997 ΒΨ.
167 1933 267 2015 (Aside
292 1942 319 1993 to
345 1933 533 2014 Lesbonzius.)
568 1937 754 2009 Nostramne,
777 1957 834 2011 ere,
858 1941 901 2017 vis
929 1940 1081 2011 nutricem,

250 2050 325 2109 quae
346 2050 401 2090 nos
422 2032 535 2104 educat,

90 2133 262 2194 Abalienare
283 2130 426 2189 anobis?
447 2148 517 2188 cave
536 2131 575 2191 sis
597 2130 716 2192 seceris:

90 2231 171 2304 Quid
190 2229 311 2290 edemus
331 2236 445 2285 nosmet
466 2227 587 2302 postea?
628 2236 691 2288 LE.
712 2229 807 2290 Etiam
828 2229 860 2292 tri
879 2234 978 2293 taces?

90 2328 159 2388 Tibi
186 2327 264 2404 egon
291 2326 431 2385 rationem
458 2324 599 2384 reddam?
654 2335 709 2386 ΒΨ.
738 2326 860 2410 (Aside.)
888 2332 978 2390 Plane
1006 2329 1085 2407 ptri·

253 2425 336 2496 imus,
417 2487 420 2494 ,
1020 2433 1083 2490 515

89 2523 154 2582 Nisi
175 2522 245 2599 quid
265 2540 321 2597 ego
341 2520 544 2581 conminlscor.
573 2521 704 2603 (Aloud.)
731 2523 834 2596 Philto,
849 2525 878 2586 te
898 2525 975 2585 volo.
1035 2548 1083 2598 1¹5

90 2628 157 2681 PH.
176 2620 281 2696 Siquid
308 2620 358 2692 vis,
382 2620 514 2679 Stasimc.
555 2626 611 2680 ΒΨ.
636 2621 705 2681 Huc
734 2622 863 2682 concede
890 2620 1083 2700 aliquantdua

251 2724 318 2775 PH.
340 2718 430 2778 Licet.

90 2825 145 2878 sd.
166 2813 283 2875 Arcano
303 2816 353 2874 tibi
374 2834 431 2892 ego
450 2817 509 2874 hoc
529 2815 605 2887 dieo,
620 2835 658 2876 ne
679 2815 725 2876 ille
746 2835 783 2876 ex
804 2814 832 2876 te
855 2818 927 2877 sciat

90 2915 171 2984 Neve
191 2913 263 2973 ilius
284 2914 445 2991 quisquam.
488 2921 555 2973 PE.
577 2913 672 2974 Crede
693 2914 831 2973 audacter
850 2916 1009 2991 quldlubet,

16 3033 22 3045 ·
89 3021 144 3072 ΒΤ.
166 3009 221 3071 Per
234 3011 305 3071 deds
319 3021 405 3088 atque
418 3011 553 3071 homines
567 3010 644 3083 dico,
658 3029 695 3070 ne
709 3020 739 3069 tu
753 3008 841 3071 illdnc
855 3029 958 3087 agrum
1019 3016 1082 3075 520

90 3109 190 3168 Tuom
211 3109 274 3168 siris
294 3127 434 3184 umquam
454 3109 516 3168 fieri
537 3126 632 3184 neque
653 3109 734 3184 gnati
754 3108 812 3166 tui:
1032 3132 1083 3170 rao

89 3207 129 3267 Ei·
146 3209 187 3266 rei
208 3207 378 3285 argumenta
398 3207 501 3291 dlcanl.
542 3213 612 3266 PH.
633 3205 741 3265 Audire
762 3204 865 3281 edepdl
885 3204 972 3266 lubet

91 3312 145 3368 ΒΨ.
167 3305 296 3366 Primum
316 3305 448 3365 omnium
468 3304 537 3364 olim
558 3302 633 3363 terra
652 3320 743 3380 quom
763 3302 966 3381 proscinditur,
