2354 3794
127 234 171 296 40
545 226 626 282 PLA
634 227 706 283 VTI
942 240 990 293 1v.
1004 243 1030 293 2.
1042 240 1127 295 68-88.
1174 243 1175 260 ¹

48 464 55 493 Ι
122 397 196 517 ¹chss
210 390 289 451 Vide
302 391 392 451 modo
406 358 561 451 hominem⁸
570 401 603 451 ut
616 389 706 452 neris.
736 397 798 452 ΒΥ.
811 309 982 527 Temenum
996 391 1067 455 me:
1086 392 1131 455 ree

119 490 169 525 *0¹
292 489 312 547 ii
345 490 376 504 ⁶·
412 487 422 506 '
502 507 548 550 er

12 477 220 662 ssfflffieed
238 585 270 646 in
289 490 501 648 metirrlresileeieesl
519 499 609 666 {etque
630 587 722 648 oculis
740 588 847 661 videas,
864 588 895 649 id
916 588 1077 651 desideres.
1097 599 1129 663 6⁹

129 683 233 744 Literis
253 685 496 745 recenminiscar:
519 685 545 746 C
566 685 610 745 est
629 686 805 763 principium
826 685 946 745 nemini.
1070 692 1128 749 918

130 789 196 842 ΒΗ.
211 782 337 843 etuias?
357 790 419 843 ΒΥ.
442 782 513 843 Non
534 783 586 844 est.
608 791 675 843 ΒΗ.
697 782 865 861 Callippus?
895 790 958 844 ΒΥ.
980 784 1056 845 Nen
1076 792 1127 846 est.

293 888 360 941 ΒΗ.
383 880 607 942 Callidemides?

129 985 191 1040 ΒΥ.
204 979 276 1039 Nen
289 989 342 1041 est.
364 986 431 1039 ΒΗ.
446 979 624 1040 Callinicus?
645 978 716 1040 Non
733 989 786 1039 est
812 986 879 1039 ΒΗ.
892 978 1129 1042 -Cellimarchusi

290 1083 352 1137 ΒΥ.
367 1077 419 1136 Nil
433 1079 514 1155 agis:

129 1173 234 1253 Neque
247 1174 322 1235 adeo
336 1174 442 1252 edepol
453 1175 538 1235 flocci
552 1173 636 1246 facio,
647 1173 766 1252 quendo
779 1185 898 1251 egomet
912 1175 1038 1236 memini
1047 1176 1129 1238 mihi.

130 1280 196 1332 ΘΗ.
211 1260 251 1331 At
265 1273 343 1331 enim
357 1271 440 1331 multi
454 1271 610 1331 Lesbonici
625 1271 692 1331 siunt
705 1271 771 1330 hic:
790 1271 845 1330 nisi
859 1271 970 1331 nomen
984 1274 1078 1349 patris
1101 1295 1132 1351 ⁷4

128 1370 225 1444 Dices,
240 1388 301 1430 non
317 1388 439 1449 possum
460 1371 533 1429 istos
553 1379 714 1429 monstrare
734 1369 870 1429 hemines
889 1387 966 1448 quos
986 1380 1017 1430 tu
1036 1372 1131 1449 quae·

291 1469 368 1528 ritas.
427 1526 430 1532 ,
633 1474 692 1573 ω
717 1456 848 1625 ζμ
1069 1472 1132 1531 920
1173 1472 1175 1529 5

129 1566 220 1639 Qued
240 1567 278 1627 ad
298 1565 512 1644 exemplumst?
533 1566 700 1627 ceniectura
767 1566 892 1651 reperire
912 1565 1085 1644 pessumus.

129 1671 191 1725 ΒΥ.
202 1651 251 1724 Ad
264 1664 321 1724 hoc
336 1665 548 1741 exemplumst:
564 1644 652 1723 Chii
673 1671 739 1724 ΒΗ.
757 1663 889 1723 Chares?
903 1681 942 1723 an
957 1663 1131 1727 Chericles?

292 1780 434 1823 numnam
448 1762 640 1823 Chermides?

130 1869 192 1921 ΒΥ.
214 1861 304 1933 Hem,

129 1945 199 2020 istic
213 1961 280 2021 erit:
295 1961 345 2039 qui
355 1958 443 2020 istium
452 1960 482 2019 di
491 1960 622 2038 perdant.
638 1966 704 2020 ΒΗ.
715 1959 785 2018 Dixi
795 1977 853 2036 ego
863 1961 922 2019 iarn
934 1956 1046 2021 dudem
1057 1962 1131 2022 tibi:

129 2058 211 2118 Bene
224 2067 253 2118 te
266 2059 363 2136 potius
377 2059 473 2119 dicere
488 2068 642 2137 aequomst
655 2058 766 2117 hemini
780 2059 875 2117 amico
890 2057 979 2136 quem
993 2058 1081 2117 male.
1099 2079 1131 2133 7⁹

130 2163 191 2217 ΒΥ.
207 2155 287 2217 Setin
297 2157 371 2217 inter
381 2157 461 2216 labra
471 2156 559 2236 etque
573 2157 667 2216 dentis
677 2155 758 2216 letuit
769 2155 810 2214 vir
820 2155 945 2214 miuumi
955 2156 1050 2232 preti?
1066 2160 1130 2216 925
1160 2186 1175 2205 ν

130 2264 197 2316 011.
211 2254 259 2316 Ne
283 2255 359 2318 male
382 2256 501 2334 loquere
522 2255 636 2315 absenti
659 2256 764 2315 amico.
798 2258 860 2312 ΒΥ.
875 2251 957 2324 Quid
980 2252 1029 2315 ille
1052 2270 1131 2331 ergo

291 2355 504 2431 ignavissumus

131 2449 275 2513 Lititnbat
294 2453 384 2513 mihi?
406 2459 473 2512 ΒΗ.
489 2452 519 2512 Si
540 2450 723 2529 edpellasses
738 2448 938 2526 respondisset
957 2445 1079 2507 nemini.

132 2548 190 2610 sed
209 2552 260 2611 ubi
278 2553 385 2630 ipsest?
407 2556 468 2611 ΒΥ.
482 2550 537 2611 Pol
556 2548 637 2610 illim
656 2549 759 2626 reliqui
779 2547 818 2608 ad
839 2545 1075 2607 Rhidamantem
1095 2547 1131 2608 in

292 2650 443 2728 cef⁰6pi²·
475 2710 502 2743 4.
555 2710 582 2727 .·
607 2664 709 2739 (ieie
733 2656 765 2737 er
790 2642 1077 2739 ,dehonestem-e*
1121 2710 1127 2729 t

132 2752 198 2806 ΒΗ.
213 2744 334 2827 (Aside.)
355 2747 432 2822 Quis
451 2746 570 2810 homost
586 2766 634 2807 me
653 2743 835 2825 insipientior
852 2744 902 2823 qui
921 2745 985 2822 ipse
1007 2742 1131 2822 egomet

292 2846 343 2904 ubi
357 2836 413 2905 siin
427 2846 607 2926 quaeritem?
1094 2854 1132 2919 84

133 2936 192 2999 Sed
212 2941 253 3000 nil
274 2941 456 3004 discondricit
477 2945 544 3005 huic
565 2944 615 3004 rei.
636 2940 762 3023 (Alanoi)
783 2941 856 3019 quid
881 2941 943 3002 ais?
975 2939 1045 3020 quid
1068 2940 1130 3003 hoo

295 3041 375 3118 quod
388 3042 418 3100 te
434 3044 527 3120 rogo?
824 3054 828 3067 ·
1066 3042 1130 3100 990

135 3133 219 3208 Ques
238 3136 321 3197 locos
340 3140 446 3199 adisti?
467 3147 530 3202 ΒΥ.
543 3141 676 3202 Nimium
697 3139 860 3199 mirimodis
881 3135 1030 3198 miribilis.

134 3239 201 3294 OE.
215 3231 311 3297 Lubet
325 3235 433 3307 audire,
442 3238 498 3296 nisi
512 3239 701 3313 molestumst.
714 3243 776 3296 ΒΥ.
787 3236 868 3309 Quin
879 3234 1011 3312 discupio
1021 3232 1130 3294 dicere.

45 3359 48 3363 ⁴
133 3316 275 3453 Qrpnium
298 3333 425 3411 primum
448 3334 478 3393 in
502 3335 631 3397 Pontum
654 3335 766 3397 advecti
781 3332 831 3403 ,nd
851 3319 992 3394 Arabiam
1018 3329 1129 3393 terrim

100 3428 190 3517 its*
294 3449 403 3495 sumus.
1054 3478 1057 3485 .
