2400 3802
10 258 17 304 p
56 231 128 284 nr.
140 230 230 298 ³941·
428 193 686 301 TRJNVMMVs.
1011 218 1053 287 15

57 367 89 443 is
109 384 240 461 probust,
255 400 343 459 quem
363 380 492 458 paenitet
509 360 598 459 quam
616 381 726 458 prebus
747 380 783 440 sit
802 390 831 440 et
851 378 929 454 frugi
947 377 1051 436 bonae.

58 481 119 553 Qui
133 482 215 559 ipsus
228 480 283 540 sibi
297 480 366 539 satis
379 479 482 557 placet,
494 497 550 539 nec
564 479 673 555 prebus
687 489 731 538 est
744 496 800 537 nec
809 477 886 553 frugi
897 477 1005 537 bonae:
1020 498 1052 549 40

10 612 14 662 ς
58 579 119 651 Qui
139 580 221 654 Ipsus
242 596 274 638 se
294 577 464 649 contemnit,
478 577 508 635 in
529 587 593 636 eost
612 577 727 637 Indoles
747 572 911 634 industriae.

54 681 124 737 Π.
145 661 196 736 Ob
214 694 280 734 eam
293 693 357 734 rem
369 675 451 746 haec,
465 685 555 752 pater,
570 672 725 745 autumavi,
738 673 808 752 quia
821 691 868 733 res
881 671 1053 750 quaedamst

219 773 310 854 quem
323 774 391 834 volo

56 859 125 952 Ego
138 892 188 933 me
207 874 259 932 abs
273 882 302 932 te
320 870 450 931 exorere.
471 879 542 931 PH.
564 869 644 943 Quid
657 870 688 929 id
701 870 763 929 est?
785 869 854 930 dere
868 868 925 928 iam
939 869 1052 929 veniam

220 970 323 1047 gestio.
994 971 1052 1026 325

55 1076 125 1129 Π.
146 1054 336 1147 Adulescenti
355 1067 425 1127 hinc
444 1067 552 1145 genere
573 1084 699 1138 summo,
714 1067 810 1126 amico
832 1076 919 1142 atque
940 1065 1054 1143 aequali

221 1185 298 1238 meo,
1020 1186 1051 1238 45

59 1264 162 1324 Minus
182 1265 232 1343 qui
253 1275 337 1325 caute
357 1275 387 1324 et
406 1264 532 1342 cegitate
553 1263 636 1323 suem
656 1282 719 1323 rem
739 1265 877 1335 tractavit,
892 1272 982 1341 pater,

60 1363 142 1422 Bene
156 1363 223 1421 volo
238 1362 278 1421 illi
292 1361 387 1421 fecere
402 1379 469 1438 ego,
484 1362 539 1420 nisi
554 1359 585 1419 tt'r
599 1360 687 1420 nevis.
709 1367 778 1420 PH.
793 1360 909 1437 Nempe
923 1361 960 1420 de
973 1364 1043 1420 tuo?

59 1466 129 1520 LY.
150 1459 198 1521 De
224 1479 311 1521 meo:
343 1478 414 1518 nam
441 1460 523 1537 qu6d
549 1469 660 1518 tuomst
686 1456 820 1530 metimst,
841 1477 929 1518 omne
956 1470 1053 1519 autem

222 1557 322 1617 meum
343 1568 462 1617 tuomst.

57 1663 127 1717 PE.
141 1655 224 1730 Quid
237 1656 281 1716 is?
303 1657 428 1733 egetne?
448 1662 515 1714 ΒΥ.
533 1654 617 1732 Eget.
637 1662 706 1715 PH.
721 1655 871 1714 Habuitne
884 1657 966 1714 rem?
985 1662 1053 1715 LY.

221 1754 340 1815 Hebuit.
364 1762 433 1814 PE
449 1754 508 1828 Qui
523 1774 588 1814 eam
601 1754 744 1832 perdidit?
994 1760 1052 1814 330

59 1851 225 1913 Priblicisne
244 1852 351 1913 aditnis
372 1853 426 1912 fuit
445 1872 485 1912 an
505 1853 666 1913 meritumis
686 1853 832 1930 negetiisi
1021 1876 1054 1927 50

59 1950 255 2038 Mereaturan:
268 1950 307 2010 en
321 1951 430 2010 venalis
449 1949 557 2022 hebuit,
573 1952 623 2010 ubi
643 1970 706 2010 rem
726 1950 870 2027 perdidit?

57 2053 126 2108 LY.
150 2038 231 2108 Nihil
251 2050 383 2108 istorum.
405 2051 474 2108 PH.
497 2048 577 2122 Quid
598 2049 703 2126 igitur?
723 2055 792 2108 Π.
813 2049 869 2108 Per
888 2049 1055 2109 cemitatem

221 2146 336 2224 edepeb
351 2157 451 2223 pater:

57 2243 213 2304 Praeterea
233 2244 414 2323 aliquantum
435 2243 525 2303 enimi
545 2262 634 2304 causa
654 2245 684 2302 in
706 2244 816 2304 deliciis
836 2244 1015 2321 disperdidit

57 2349 128 2403 PE.
149 2325 266 2419 Edepol
287 2342 438 2402 hominem
459 2341 658 2419 praedicatum
678 2341 763 2401 firme
783 2352 813 2401 et
832 2334 1014 2414 familieriten

59 2439 122 2515 Qui
148 2441 268 2519 quidem
295 2458 441 2519 nusquam
469 2439 521 2516 per
545 2441 680 2499 virtutem
706 2439 769 2500 rem
798 2439 942 2517 confregit
969 2440 1056 2518 etque

92 2586 95 2590 ⁸
221 2550 297 2617 eget
1024 2565 1054 2614 5⁵

58 2636 110 2697 Nss
130 2650 231 2697 moror
247 2655 315 2697 eum
332 2636 384 2696 tibi
405 2655 470 2697 esse
490 2636 618 2696 amicum
634 2653 702 2694 cum
721 2636 784 2696 eius
804 2637 885 2696 modi
898 2635 1055 2699 virtutibus.

57 2739 126 2794 ΙιΥ.
148 2732 229 2807 Quta
246 2734 310 2795 sine
331 2735 414 2794 omni
431 2734 573 2806 militiast,
588 2733 710 2793 tolerare
730 2745 889 2810 egestatem
904 2737 966 2796 eius
979 2738 1055 2798 volo.

58 2837 129 2892 PE.
148 2829 196 2892 De
220 2831 358 2892 mendico
379 2831 456 2892 mele
479 2843 605 2890 meretur
625 2833 676 2908 qui
699 2832 728 2891 ei
752 2833 802 2892 dat
822 2834 902 2909 quod
924 2835 984 2894 edit
1007 2833 1056 2894 adt

184 2940 187 2946 '
220 2929 319 2990 bibat:

58 3024 140 3088 Num
157 3024 191 3087 et
208 3026 280 3086 illud
299 3027 380 3105 quod
400 3026 451 3087 dat
470 3026 564 3103 perdit
584 3037 613 3086 et
633 3027 672 3085 illi
692 3027 790 3104 predit
803 3029 891 3088 vitam
911 3029 950 3088 ad
968 3031 1055 3090 mise·

219 3126 302 3185 tiam.
994 3134 1054 3188 340

58 3218 133 3285 Heu
151 3238 191 3283 eo
213 3222 287 3284 baec
310 3224 387 3295 dico,
402 3225 474 3301 quin
500 3242 575 3301 quae
595 3234 628 3282 tu
647 3224 690 3283 vis
714 3223 771 3300 ego
792 3225 877 3283 velim
899 3236 929 3284 et
950 3225 1053 3287 faciam

91 3304 101 3322 ‘
220 3321 342 3382 lubenst
1022 3335 1061 3381 <n

52 3414 252 3497 fflegoboe
261 3421 376 3480 verbum
389 3420 481 3500 quem
493 3421 535 3484 illi
546 3423 694 3504 quoidam
707 3418 1015 3502 die0,praemunsub
1020 3417 1095 3482 nux.
