2354 3794
204 395 458 489 PLAVTI
512 396 952 492 TRINVMMVS.

430 682 726 750 PROLOGVS.

370 821 573 874 LVXVRIA.
620 822 780 877 INOPIA.

88 921 219 1001 (Albense
241 948 260 986 a
267 927 347 1002 place
361 927 451 986 where
450 927 529 1004 four
541 935 634 986 streete
647 933 731 987 meet.-
753 947 787 986 οη
800 948 848 987 one
863 929 921 986 side
933 926 977 985 the
989 926 1071 985 house

121 1020 157 1094 os
172 1017 343 1088 Charmides,
365 1036 400 1075 on
421 1018 464 1074 tlte
487 1017 562 1074 otker
582 1018 643 1075 ilici
664 1018 813 1096 ‹ffPln'lin
858 1017 916 1076 The
940 1016 1023 1077 Scene
1045 1018 1071 1073 is

124 1107 284 1184 anchanged
293 1106 462 1183 lhroughoul
471 1106 516 1164 the
523 1104 613 1186 play.)

56 1162 59 1249 i
97 1211 149 1269 tv,
168 1212 294 1288 Sequere
314 1210 369 1271 hic
389 1229 446 1282 me,
461 1222 558 1288 gnata,
572 1222 605 1271 ut
624 1211 731 1273 mrinus
753 1213 884 1290 iungaris
904 1221 995 1271 tuom.

101 1310 143 1364 nt.
163 1309 289 1386 Sequ6r:
310 1309 363 1368 sed
383 1309 471 1368 finem
484 1308 546 1368 iore
567 1328 655 1385 quem
676 1311 771 1371 dicam
792 1311 901 1371 nescio.
925 1316 928 1327 '

103 1405 150 1462 tv.
162 1407 270 1467 Adest:
292 1425 348 1479 em,
362 1407 444 1467 illaec
463 1418 531 1466 sunt
547 1406 652 1468 aedes:
676 1409 687 1467 i
704 1410 778 1468 intro
798 1406 943 1466 nunciam.

164 1539 401 1618 (Addressingthe
414 1537 563 1619 audt‘ence.)
799 1483 1030 1569 (Exnlnop'h‘)

107 1609 178 1691 Nunc,
192 1621 294 1697 nequis
314 1631 388 1680 erret
408 1621 546 1693 vostrum,
559 1621 660 1698 paucis
680 1620 711 1680 in
732 1620 808 1678 viam

107 1705 280 1790 Dedieamsi
300 1719 418 1795 quidem
439 1719 559 1794 operam
580 1719 648 1779 dare
670 1718 844 1796 promittitis.
1052 1720 1069 1774 5

106 1801 171 1872 Nune
188 1817 274 1892 igitur
294 1816 419 1893 primum
440 1814 515 1891 quae
536 1834 593 1894 ego
614 1817 670 1876 sim
690 1827 720 1874 et
738 1833 814 1893 quae
834 1812 916 1873 illaec
938 1814 991 1874 siet

107 1896 157 1966 Huc
172 1931 244 1989 quae
265 1911 335 1976 abiit
354 1912 437 1984 intro,
458 1912 556 1970 dicam
577 1913 601 1971 si
623 1913 751 1971 animum
773 1910 929 1971 advortitis.

106 1995 207 2069 Primum
226 2009 298 2069 mihi
318 2009 435 2069 Plautus
456 2009 565 2068 nomen
585 2008 730 2068 Luxuriae
750 2008 870 2069 indidit:

106 2092 165 2162 Tun
181 2107 264 2167 illinc
284 2107 355 2165 mihi
375 2125 440 2166 esse
460 2105 581 2182 gnatam
602 2107 692 2166 voluit
711 2091 856 2185 inopiam

106 2189 148 2255 Sed
163 2203 195 2263 ia
214 2205 285 2283 quid
304 2204 361 2262 huc
381 2203 456 2262 intro
478 2205 541 2264 ierit
561 2201 677 2281 inpulsu
697 2222 774 2276 meo,
1033 2209 1069 2264 10

104 2289 212 2376 Accipite
232 2312 263 2362 et
282 2302 348 2361 date
368 2303 486 2361 vocivas
508 2303 584 2361 auris
605 2302 676 2360 dum
696 2300 824 2378 eloquor.

103 2387 260 2461 Adulescens
280 2400 434 2478 quidamst,
456 2401 507 2479 qui
527 2401 557 2459 in
577 2399 657 2460 hisce
677 2400 788 2460 habitat
807 2398 945 2460 aedibus:

103 2480 192 2557 lirim
212 2509 364 2576 paternam
383 2516 432 2557 me
452 2497 590 2558 adiutrice
610 2497 743 2575 perdidit

103 2578 228 2655 Quoniam
249 2597 286 2668 ei,
300 2596 351 2673 qui
371 2613 420 2655 me
440 2595 527 2655 aleret
547 2595 589 2654 nss
609 2594 694 2656 video
715 2613 779 2655 esse
799 2593 903 2667 relicui,

101 2673 161 2745 Dedi
178 2694 204 2752 ei
222 2711 322 2752 meam
342 2703 470 2769 gnatam,
485 2694 604 2771 quicum
621 2713 679 2752 una
700 2702 824 2752 aetatem
844 2691 948 2770 exigat.
1033 2699 1069 2754 15

102 2772 147 2838 Sed
162 2789 195 2849 de
214 2790 387 2867 argumento
408 2808 446 2849 ne
467 2790 626 2866 expectetis
647 2789 777 2850 fabulae:

101 2872 175 2946 Senes
192 2889 241 2966 qui
262 2889 320 2947 huc
339 2889 456 2948 venient
475 2889 487 2947 i
505 2907 567 2948 rem
587 2890 671 2949 vobis
691 2888 828 2966 aperient.

100 2968 163 3041 Huic
182 2985 293 3048 Graece
313 3005 422 3047 nomen
442 2986 485 3046 cst
505 2987 678 3047 Thensauro
700 2985 833 3049 fabulae:

99 3067 209 3146 Philemo
230 3087 362 3162 scripsit:
384 3083 501 3144 Plautus
521 3086 606 3144 vortit
626 3084 756 3156 barbare,

83 3165 199 3255 Nomen
219 3184 395 3242 Trinummo
416 3182 490 3241 fecit.
513 3201 591 3241 nunc
611 3202 664 3243 vos
685 3183 742 3242 hoc
762 3193 847 3259 rogat
1031 3186 1070 3245 20

97 3264 134 3329 Vt
148 3273 225 3340 liceat
243 3280 391 3358 possidere
412 3281 488 3340 hanc
509 3298 619 3339 nomen
640 3280 777 3341 fabulam.

87 3360 244 3440 intumet
265 3379 374 3439 valete:
395 3378 493 3439 adeste
514 3396 581 3439 cum
603 3378 727 3440 silentio.
919 3375 1042 3456 ΚΕΝΧ

553 3481 573 3526 s
589 3483 606 3527 a
